2670 4808
420 392 589 463 rrnnn
616 389 750 462 xvm
1067 346 1129 470 ’33

63 539 93 595 et
107 525 229 595 ibidem
237 508 261 564 ³⁷
271 526 416 592 inarato:
431 525 575 617 itemque
584 523 640 593 ubi
649 509 674 548 ³⁸
687 539 818 594 saturus
833 525 899 593 eris
912 525 1131 619 frumentum,

61 657 135 701 oves
151 632 197 700 ibi
216 629 391 700 delectato.

107 740 186 806 vll.
212 737 286 806 Nec
305 761 374 805 non
397 749 432 803 et
459 735 536 804 satis
561 735 761 829 quibusdam
786 737 865 831 ipsis
887 739 980 832 pasci
1004 753 1162 810 termm1

56 845 145 914 dicit
173 840 351 938 Segetem¹
373 854 558 911 stercorant
577 840 710 936 fruges3
728 842 898 938 lupinum,
920 844 1018 929 faba,
1033 844 1129 915 vicia.

55 953 146 1021 Sicut
162 975 182 1018 e
200 949 375 1019 contrario
394 948 494 1032 cicer,
511 947 590 1040 quia
611 946 760 1036 vellitur,
778 962 811 1018 et
828 951 905 1044 quie
919 949 1041 1021 salsum
1060 967 1128 1021 est:

55 1056 244 1143 hordeum,
260 1054 375 1125 fenum
396 1056 573 1139 Graecum,
596 1078 737 1124 ervum:
756 1056 829 1124 haec
846 1057 968 1133 omnin,
981 1071 1129 1152 segetem

54 1177 218 1248 exurunt,
238 1177 273 1232 et
288 1162 400 1231 omnin
418 1184 492 1255 quae
510 1158 701 1229 velluntur:
721 1160 857 1232 nucleos
872 1164 906 1230 in
921 1176 1067 1257 segetem
1084 1186 1127 1231 ne

54 1269 221 1339 indideris.
242 1263 424 1363 Virgilius²
446 1280 481 1335 et
503 1264 573 1335 lino
594 1282 741 1362 segetem
763 1269 872 1353 exuri,
898 1280 932 1337 et
950 1291 1074 1358 evena,
1094 1283 1129 1338 et

56 1399 221 1472 papavere
238 1374 432 1443 arbitretur.

104 1483 203 1550 vul.
223 1478 365 1549 Fimetn¹
384 1478 516 1550 subdio
532 1502 681 1549 concavo
700 1476 793 1565 loco,
810 1494 844 1548 et
859 1477 935 1573 qui'
949 1480 1126 1551 humorem
1147 1510 1160 1546 1

82 1645 141 1718 37.
159 1646 198 1699 Et
218 1644 314 1698 ibidem
334 1645 406 1699 Bene
425 1643 568 1714 Ms.1teg.
654 1642 732 1697 VIII.
759 1662 784 1697 r.
808 1637 913 1697 dimeter.
934 1643 1013 1707 vm.
1033 1641 1067 1699 de
1089 1647 1129 1699 Re

60 1744 83 1789 r,
95 1739 121 1778 et
132 1725 239 1779 natam
252 1729 357 1777 merum.
371 1724 456 1777 Bnor.
613 1720 689 1777 Bnet.
697 1723 745 1776 lib.
756 1724 785 1788 1,
798 1739 823 1776 c·
834 1725 870 1780 38
881 1743 890 1779 τ
902 1751 914 1774 ι
923 1716 1128 1797 Steiqnilinium

94 1807 142 1860 38.
156 1806 264 1876 lemque
274 1803 324 1856 nbi.
339 1803 421 1865 Ceto,
434 1821 492 1874 cap.
503 1819 567 1856 xxx:
612 1801 761 1856 secundnm
778 1803 871 1857 villam
888 1802 975 1860 secere
992 1817 1127 1876 wortet...

59 1885 139 1938 tUbi
152 1882 294 1938 sementim
311 1883 428 1936 facturus
446 1881 512 1949 eris,
529 1882 568 1934 ihi
612 1884 644 1935 In
657 1902 690 1936 eo
703 1883 725 1936 si
745 1882 774 1935 in
795 1882 886 1937 medio
901 1886 1024 1940 robustea
1038 1885 1127 1955 eliqua

57 1983 116 2018 eres
136 1963 304 2017 deteantu-
333 1960 413 2033 Apud
436 1962 567 2016 Catonern
612 1964 722 2016 materie
730 1963 764 2015 sit
775 1961 896 2034 densete,
907 1977 1006 2035 negent
1018 1983 1127 2036 serpen·

57 2044 98 2097 dr·
113 2044 209 2115 legunt
224 2041 346 2112 delegato.
362 2041 498 2095 Sententia
512 2041 568 2113 brec
613 2054 666 2095 tem
679 2042 760 2096 nasci.
772 2069 784 2090 ι
804 2042 911 2096 Colum.
924 2044 968 2105 11,
987 2047 1041 2096 152
1060 2044 1128 2097 uLi·

57 2136 93 2176 eet
108 2142 115 2174 :
136 2122 272 2175 crinium
287 2135 411 2192 septum,
427 2121 568 2192 caulesque
612 2134 654 2174 cet
667 2120 791 2192 depressa
803 2122 888 2187 fossa,
900 2121 1005 2192 qualem
1015 2123 1127 2176 stercori

57 2215 214 2273 mpeues
233 2202 272 2255 ibi
291 2201 416 2265 statuite,
435 2200 482 2253 ubi
502 2200 568 2253 fimo
610 2200 768 2271 reponendo
793 2202 881 2272 primo
904 2201 1041 2254 volumine
1065 2201 1125 2255 fleri

57 2283 142 2336 locun
168 2293 326 2336 sternerent.
348 2281 457 2334 Fimnrn
480 2278 569 2333 Latini
610 2281 804 2352 praecepimus,
819 2280 949 2345 cinerem,
965 2297 1124 2353 coenumque

55 2363 177 2417 ybtamen
192 2361 341 2434 appellent,
357 2372 386 2413 ut
400 2359 510 2413 inferius
524 2357 568 2411 di·
611 2360 775 2425 cloacarum,
790 2371 818 2413 et
830 2361 948 2425 culmos,
960 2372 1124 2432 ceteraque,

57 2442 238 2506 mirumne,
252 2440 301 2494 lib.
312 2440 423 2505 xvul,
437 2458 460 2492 c.
473 2445 517 2502 4⁰·
530 2438 566 2491 Η.
610 2451 855 2510 quaerentium,
871 2440 899 2492 in
918 2457 1002 2492 unum
1026 2455 1123 2511 conge·

92 2518 565 2590 vu,r.Segeeem.cno‚e.xxxv11:
610 2537 678 2572 rere.
704 2518 757 2572 Sed
775 2519 868 2572 eodem
894 2516 983 2572 medio
1003 2519 1065 2572 loco
1080 2541 1124 2574 ro·

59 2601 148 2668 thre
169 2613 284 2670 segetem
303 2612 450 2652 stercorent
468 2599 567 2668 fruges.
610 2599 728 2652 busteam
744 2599 881 2652 materiam
895 2596 1011 2668 defigere
1022 2617 1122 2653 conve·

56 2681 208 2753 impium,
220 2679 296 2742 trba,
318 2680 394 2732 vicia.
407 2704 418 2726 ι
436 2679 471 2730 Et
486 2679 566 2748 pnulo
609 2678 670 2731 nite
685 2696 801 2749 nemque
812 2697 842 2731 en
852 2696 894 2730 res
904 2691 1059 2749 serpentum
1071 2698 1121 2731 no·

55 2773 138 2813 ente:
164 2759 277 2825 «Cicer,
298 2758 372 2829 quod
395 2758 513 2816 vellitur,
539 2770 567 2811 et
609 2777 670 2811 xem
689 2758 771 2812 latere
788 2758 817 2811 in
832 2771 947 2811 stercore
960 2757 1118 2829 prohibet.-

55 2838 126 2911 qnod
136 2840 238 2893 salsum
252 2852 307 2904 est,
320 2856 353 2891 eo
367 2837 476 2890 malum.
496 2837 566 2890 Hor·
609 2837 702 2892 Hunn.

54 2919 152 2984 deum,
175 2919 268 2972 senum
290 2917 431 2982 Graecum,
452 2936 565 2979 ervum,
652 2936 678 2971 s.
700 2919 737 2971 Et
762 2921 805 2990 qui
829 2919 956 2969 tumorem.
977 2915 1122 2970 Proditum

56 3000 111 3053 bec
134 2999 227 3053 omnin
250 3009 364 3069 segetem
389 3009 516 3058 exurunt.
540 3009 567 3050 et
610 2996 678 3051 illud
692 2997 906 3053 etacotumJ,
928 2999 961 3047 6:
979 2995 1123 3067 rsterqui·

56 3079 144 3132 omnin
165 3097 226 3150 qna
244 3078 389 3130 velluntur.
408 3077 524 3129 Nucleos
537 3077 565 3128 in
609 3077 674 3130 linia
688 3095 795 3148 quoque
805 3074 860 3128 duo
872 3077 938 3127 sint:
951 3092 1035 3127 unum
1045 3074 1122 3146 qnod

55 3155 568 3307 Jtffi0ttttff¹ttuztffttt
609 3166 1124 3305 tttttttitttttttsstsst
1213 3241 1215 3245 v

55 3318 118 3373 inm.
135 3316 171 3369 de
194 3318 234 3369 lte
256 3318 333 3369 Rust.
358 3317 402 3380 11,
427 3323 478 3379 14,
504 3334 565 3387 pag.
610 3328 667 3369 tern
680 3315 817 3368 vehantur.
828 3312 881 3366 Sed
892 3325 1038 3385 utrumque
1048 3330 1124 3368 more

56 3400 101 3468 ⁶9·
111 3397 208 3449 Ηιιο.
610 3395 774 3468 piscinarum
789 3392 921 3447 devexum
933 3393 989 3446 leni
1002 3394 1086 3460 clivo,
1096 3407 1125 3448 et

94 3499 122 3532 e.
137 3477 268 3546 Virgilius.
283 3475 564 3546 Georgic.l,rs.77:
611 3486 792 3539 exstructum,
827 3473 1001 3545 peritumque
1036 3475 1124 3528 solum

58 3585 69 3606 ι
81 3558 144 3611 Urit
167 3556 240 3609 enirn
259 3555 309 3608 lini
332 3573 457 3624 campum
479 3573 566 3625 seges,
610 3553 767 3616 habeet‚ne
780 3553 920 3608 humorem
934 3553 1124 3608 transmittent.

57 3639 108 3692 nrit
118 3634 447 3700 aven03UruntLethaeo
461 3635 568 3706 perfuse
611 3633 761 3686 Plurimum
778 3632 849 3686 enim
867 3633 950 3686 refert
967 3651 1023 3686 non
1041 3632 1125 3687 adsic-

56 3733 187 3788 pspevere
197 3734 304 3768 somno.
313 3741 324 3762 ι
338 3713 410 3766 Vide
421 3727 448 3767 et
460 3713 567 3768 cotum.
612 3725 672 3766 cato
688 3731 768 3766 succo
780 3713 875 3765 fimum
888 3712 959 3766 vires
972 3712 1127 3775 continere,

57 3797 75 3849 Ι.
87 3816 111 3849 c.
124 3795 349 3866 affugium
364 3806 389 3845 et
402 3794 452 3845 lino
466 3806 567 3863 segetem
611 3806 638 3846 et
651 3791 758 3847 assiduo
772 3791 900 3845 macerari
911 3793 1038 3863 liquore:
1064 3793 1127 3845 utsi

58 3881 130 3928 emt.
153 3875 292 3928 Broterins
309 3891 402 3927 vocem
421 3873 470 3925 liae
488 3892 567 3944 pror·
611 3890 663 3944 qne
686 3874 824 3943 interjecta
844 3872 897 3925 sint
916 3869 1068 3924 strumentis
1083 3884 1128 3924 eut

58 3956 222 4026 insignoret.
236 3954 357 4007 Gronov.
372 3950 456 4006 edidit
466 3966 491 4005 et
500 3954 566 4023 ligno
611 3954 708 4023 paleis,
736 3951 873 4024 spinarum
903 3950 945 4004 vel
974 3950 1127 4020 graminum

60 4047 197 4105 nugam
210 4032 263 4087 En.
612 4034 712 4087 semine
738 4032 884 4097 interemt,
905 4048 956 4082 nee
983 4031 1011 4083 in
1034 4048 1127 4102 agrum

130 4133 192 4202 Vl.
291 4139 296 4147 '
959 4125 980 4196 3
