2670 4808
153 361 200 433 50
415 365 453 430 C.
482 361 653 431 PLlNll
681 362 791 431 Nat.
820 363 950 431 HlST.

148 494 281 563 videtur·
295 519 337 561 ex
350 493 505 587 prndium
520 494 678 589 arborum
692 508 829 581 aratura,
841 508 877 563 ut
891 493 988 564 altius
1002 495 1227 570 demittantur

148 626 186 670 ea
205 626 280 696 quae
297 625 426 669 summa
447 599 564 668 tellure
579 601 742 695 gaudent,
760 616 928 694 tamquam
949 601 1117 689 fraxinus,
1138 605 1225 676 olea.

115 717 130 773 t
154 712 232 776 lloec
249 721 282 774 et
304 704 418 776 similia
438 721 620 801 quaternos
642 706 742 802 pedes
759 721 894 802 oportet
916 707 1055 778 demitti.
1085 714 1227 783 Caeteris

149 828 200 882 sat
213 828 277 896 est,
294 814 322 883 si
334 810 521 907 ¹altitudinis
534 813 634 907 pedes
652 828 765 883 ternos
784 812 965 883 effecerint.
985 804 1158 905 Excide¹⁵,
1169 821 1224 888 in·

148 922 236 1015 quit,
251 914 395 989 radicem
413 919 530 1003 istam,
545 920 695 1013 Papirius
704 905 728 943 ¹⁶
745 922 873 1013 Cursor
886 921 1078 1017 imperator,
1092 923 1135 993 ad
1154 940 1224 995 ter-

150 1052 260 1095 rorem
285 1026 563 1094 Praenestinorum
584 1028 744 1119 praetoris.
767 1026 938 1121 Destringi
960 1052 1092 1098 secures
1113 1030 1225 1123 jussit.

149 1137 210 1202 Est
228 1129 425 1202 innoxium¹⁷
445 1131 559 1200 abradi
580 1145 708 1227 partes,
726 1156 799 1225 quae
819 1155 854 1200 se
872 1133 1081 1227 nudaverint„
1090 1139 1226 1223 Testae,

149 1238 250 1333 aliqui
264 1237 388 1333 lapides
398 1223 421 1259 '⁸
438 1236 599 1307 rotundos
612 1236 731 1330 subjici
745 1235 895 1323 malunt,
907 1240 964 1332 qui
981 1255 1016 1309 et
1029 1242 1227 1315 contineant

148 1461 239 1504 astate
250 1466 333 1520 perro
347 1447 438 1499 laboro
450 1464 546 1518 nquam
565 1445 663 1499 radici·
706 1446 798 1506 istam,
815 1444 939 1516 Papirius
947 1446 1050 1502 Cursor
1064 1449 1225 1522 imperator.

150 1533 201 1583 bas
213 1528 425 1581 subministren-
441 1527 532 1578 liano.
707 1523 752 1578 Ad
768 1538 898 1578 terrorem
912 1526 1141 1585 Pranestinorum
1154 1550 1227 1603 pra.

192 1608 236 1662 15.
245 1607 354 1671 Excide,
362 1609 448 1677 inquit,
461 1605 565 1656 radicem
577 1607 665 1669 utam,
707 1605 784 1668 toris,
795 1603 924 1677 destringi
936 1624 1040 1660 secures
1050 1610 1152 1681 jussit.»
1168 1612 1225 1665 En,

149 1703 199 1743 etc.
215 1690 316 1741 Contra
326 1686 456 1739 Samnites
466 1685 580 1736 feliciter
592 1683 663 1735 isdi·
750 1689 795 1738 rii.
811 1680 939 1755 Papirius.
958 1685 1029 1739 Aur.
1042 1688 1113 1743 Viot.
1125 1690 1176 1745 lib.
1189 1691 1226 1745 de

149 1768 274 1831 micavit,
285 1766 431 1836 quamtisa
446 1763 562 1835 pullario
576 1763 665 1814 moni·
708 1763 782 1816 Viris
794 1765 894 1819 tttuur.
907 1782 965 1836 erp.
979 1785 1061 1839 xm:
1077 1794 1089 1816 ι
1099 1770 1131 1825 1..
1141 1770 1227 1844 Papi.

150 1863 192 1902 tus
206 1848 295 1917 pallos
308 1865 362 1898 non
375 1842 513 1907 addicere,
525 1860 608 1914 quum
620 1860 665 1895 vo·
708 1842 766 1894 rius
785 1842 886 1897 Cursor
908 1863 924 1898 ι
939 1845 1118 1902 velocitate...
1137 1852 1227 1904 cornis

151 1925 334 1985 tumiecisset,
343 1924 364 1976 si
377 1920 665 1994 superiordiscederet,
707 1935 734 1975 et
744 1924 868 1992 jocorum
881 1922 1032 1992 studiosus,
1051 1946 1136 1999 quum
1151 1930 1226 1983 Prn-

151 2007 207 2059 rini
226 2005 354 2077 pocillum
377 2004 439 2055 lovi
457 2020 484 2054 se
504 2002 665 2065 libaturam,
707 2002 839 2054 uestinum
850 2016 993 2074 praetorem
1012 2007 1167 2077 gravissime
1181 2011 1225 2063 in·

68 2097 74 2107 ‘
151 2105 230 2157 supra
245 2085 291 2137 lib.
305 2085 450 2155 XIV,cap.
465 2081 582 2146 iuvat.
592 2081 663 2134 blex.
707 2082 866 2153 crepuisset!
879 2083 996 2156 Expedi,
1015 2087 1117 2157 inquit,
1129 2088 1226 2155 lictor,

152 2167 199 2218 lib.
212 2166 283 2228 1111,
298 2182 356 2233 cap.
371 2183 396 2226 ις
406 2163 480 2214 Alex.
490 2162 524 2212 ab
536 2158 664 2214 Alexand.
708 2178 819 2214 secures.
833 2164 869 2215 Et
882 2182 967 2233 quum
974 2183 1036 2218 eum
1046 2180 1121 2219 metu
1129 2171 1226 2223 mortis

151 2264 208 2315 cap.
223 2263 268 2310 ²9·
278 2244 369 2295 Livius
382 2243 428 2295 lib.
439 2242 479 2294 lx
490 2259 498 2294 ι
508 2263 519 2283 ·
531 2241 668 2293 Praenesti·
709 2242 852 2294 attonitum
875 2240 998 2308 vidisset,
1022 2244 1225 2303 incommodum

154 2344 205 2377 nus
216 2335 336 2393 pretor,
358 2322 460 2392 inquit,
481 2339 528 2390 per
541 2321 665 2373 timorem
708 2321 906 2374 ambulantibus
923 2321 1040 2377 radicem
1057 2324 1145 2379 excidi
1167 2330 1226 2401 jus-

153 2404 259 2473 segnius
269 2421 330 2455 suos
339 2420 370 2452 ex
382 2398 506 2452 subsidiis
516 2398 628 2452 duxerat
638 2400 665 2453 in
708 2399 752 2452 sit.
762 2427 774 2447 ι
790 2400 883 2475 Hirro.

155 2483 268 2554 primam
282 2482 365 2535 aciem
377 2498 474 2550 :quem
487 2498 570 2550 quum
581 2481 666 2533 inam·
753 2496 797 2550 ¹7.
814 2481 864 2532 Est
882 2483 1015 2536 innoxiam.
1029 2483 1225 2559 subintellige,

154 2564 249 2615 balans
273 2573 333 2613 ante
352 2560 554 2612 tabernaculum
578 2560 667 2613 vocari
708 2571 748 2612 est
766 2578 864 2632 nempe
879 2561 1019 2614 innoxium
1033 2561 1136 2617 radices
1151 2570 1225 2621 exci-

153 2642 287 2713 jusu'sset,
299 2641 420 2692 lictorem
443 2638 571 2710 expedire
590 2658 667 2693 secu·
708 2636 786 2701 dere,
802 2653 975 2710 quesetem
985 2640 1155 2698 nudaverint.
1164 2648 1225 2699 lloc

155 2740 212 2774 rem
222 2720 315 2793 jussit:
328 2718 454 2791 adquam
468 2738 560 2772 vocem
575 2721 666 2772 exani·
708 2730 736 2770 et
746 2719 921 2790 'l'heopbrast
933 2719 967 2772 de
977 2724 1120 2790 (auelli,
1135 2728 1224 2780 inlu

155 2803 191 2855 mi
205 2814 292 2855 stante
308 2799 483 2863 Praenestino,
500 2797 623 2871 Agedum
637 2799 667 2852 li·
708 2797 843 2870 aliquibus
863 2799 941 2851 MSS.
957 2801 1054 2853 adradi.
1068 2802 1160 2857 fluo.

154 2895 229 2948 ctor,
238 2878 331 2935 excide
343 2877 459 2932 radicem
470 2880 538 2932 hauc
547 2918 555 2942 ,
565 2878 670 2950 inquit,
753 2880 797 2930 18.
813 2880 916 2939 Testae,
930 2880 1007 2950 aliqui
1017 2882 1119 2952 lepida.
1133 2885 1225 2939 ltere·

155 2959 352 3015 incommodam
363 2958 589 3013 ambulantibus.»
599 2961 667 3012 Dia..
707 2957 860 3028 scripsimus
870 2957 1010 3013 admonitu
1022 2960 1145 3015 codicum
1156 2966 1224 3037 Reg.

156 3074 195 3085 ..
202 3040 313 3106 Excute,
323 3042 413 3110 inquit,
424 3038 668 3103 redirent,etc.Ver
708 3036 787 3091 Colb.
809 3049 1034 3110 caeterorumque,
1050 3060 1134 3112 quum
1147 3044 1226 3115 prius

155 3121 293 3174 babecab
303 3118 399 3172 ordine
410 3131 436 3170 et
448 3118 667 3171 institutorerum
710 3134 834 3188 perverse
852 3120 983 3189 legeretur
995 3132 1068 3174 terra.
1083 3122 1173 3194 Aliqui
1184 3124 1224 3175 la·

155 3201 350 3272 propositarum
362 3197 667 3251 merrilesteabhorreut:
706 3197 1066 3267 plateetnuddubtepltnim
1075 3201 1223 3273 Virgilium

155 3278 229 3351 quod
253 3277 320 3331 vidit
342 3291 369 3330 et
390 3278 563 3340 Hermolaus,
578 3275 623 3329 sed
645 3279 668 3330 is
709 3288 787 3330 notat
799 3278 826 3330 in
839 3278 937 3348 Georg.
953 3280 996 3344 11,
1008 3298 1047 3333 vs.
1060 3279 1116 3345 348
1131 3283 1224 3336 :dat

155 3356 668 3433 agnosciteaselegitimsducit,megno,
708 3355 827 3425 lapidem
848 3358 986 3423 bibulum,
1001 3372 1049 3412 aut
1072 3362 1224 3432 squalentes

155 3451 325 3510 utegoputo,
331 3454 430 3489 errore.
438 3437 668 3505 eun-Eum,
709 3434 803 3489 inlude
815 3438 946 3491 ooncbss:
959 3439 1033 3490 Inter
1045 3440 1118 3493 enim
1127 3440 1223 3494 laben·

155 3532 206 3573 ete.
231 3519 281 3570 Est
301 3517 376 3586 prus
398 3515 498 3584 Papirii
523 3515 666 3579 Cursoris,
709 3528 856 3586 turaque,
871 3518 1010 3589 tenuisque
1026 3519 1126 3572 subibit
1148 3520 1224 3573 Hali·

153 3617 234 3672 quetn
249 3595 353 3650 Plinius
362 3594 442 3647 ret‘ert
451 3631 458 3657 ,
467 3606 498 3646 nt
506 3591 667 3667 dooestque
711 3607 765 3658 tus,
775 3607 855 3666 atque
867 3597 969 3650 animos
976 3597 1070 3651 tollent
1080 3600 1225 3653 catulam·

153 3678 256 3733 radices
268 3676 320 3729 sint
336 3672 529 3728 exscindendae.
540 3674 573 3726 ln
586 3674 666 3745 hujus
708 3693 762 3746 que
775 3676 889 3745 reperti,
908 3677 962 3741 Qui
974 3696 1039 3730 saxo
1049 3693 1223 3752 superatque

153 3760 205 3813 loci
218 3755 390 3811 distinetione
408 3753 450 3807 Ill.
465 3753 593 3806 lluetium
606 3773 665 3807 sum
707 3755 823 3824 ingentis
838 3753 956 3825 pondere
978 3770 1052 3811 teste
1066 3759 1220 3830 Urgereut:

152 3850 298 3911 sequutus;
314 3834 410 3887 melior
423 3833 493 3885 enim
509 3845 547 3886 est
562 3837 618 3905 ejus
626 3833 666 3887 di·
708 3835 760 3886 lroc
773 3835 872 3887 effusos
892 3836 1032 3889 munimen
1047 3836 1082 3891 ad
1098 3839 1221 3892 imbres:

151 3918 267 3972 stinctio.
275 3913 445 3969 Biton—Sic
454 3911 591 3984 distinguit
600 3915 665 3967 Bro·
708 3913 782 3979 lloc,
805 3914 851 3965 ubi
870 3915 957 3969 hiulca
980 3918 1024 3970 siti
1043 3916 1122 3972 findit
1139 3918 1222 3973 Canis

151 3998 232 4051 terius
248 4015 255 4050 ε
273 4023 284 4045 ι
294 3991 409 4058 Excide,
424 3993 528 4065 inquit,
545 3991 664 4047 redicam
708 3995 805 4048 aestifer
817 4012 888 4048 urta.
900 4020 911 4042 a
927 3994 1017 4050 Haeo.
