2670 4808
458 374 618 442 arnna
641 374 775 443 xvu.
927 348 933 363 “
1102 382 1142 452 13

70 509 220 603 proximo
236 505 334 602 plura
351 504 502 576 caelestia.
520 508 658 577 Interim
678 505 891 577 manifestum
910 509 1042 580 videtur
1056 511 1141 583 salu·

69 616 196 684 britatis
213 627 463 709 argumentum,
474 614 631 707 quoniam
648 615 682 681 in
689 613 860 684 meridiem
872 616 972 684 etiam
988 632 1141 712 spectan-

41 728 49 741 '
69 724 148 790 tium
167 744 302 814 semper
318 733 395 788 ante
409 705 596 789 decidant⁵²
615 719 705 789 folia.
723 712 846 790 Similis
862 735 896 790 et
913 723 948 791 in
962 725 1139 805 ¹maritimis
1152 763 1192 797 ῃ

68 851 175 897 causa.
193 825 402 915 Quibusdam
425 824 507 895 locis
526 825 658 896 afflatus
681 828 782 896 maris
802 828 915 915 noxii,
932 829 968 897 in
985 828 1137 924 plurimis

67 934 165 1003 iidem
176 932 287 1002 utiles:
302 931 498 1027 quibusdam
514 916 617 1003 satis⁵³
628 956 647 1001 e
660 931 844 1029 longinquo
855 934 1027 1064 adspicere
1035 940 1141 1007 maria
1253 952 1256 961 '

66 1040 267 1132 jucundum:
281 1040 418 1134 propius
435 1039 605 1107 admoveri
614 1024 640 1070 ⁵⁴
655 1041 732 1126 satis
746 1025 905 1110 halitum⁵
920 1094 930 1127 ,
944 1040 1068 1111 inutile.
1085 1045 1140 1113 Si·

68 1145 151 1216 milis
169 1160 205 1214 et
217 1145 393 1214 fluminum
413 1160 675 1239 stagnorumque
690 1147 783 1215 ratio.
801 1132 967 1216 Nebulis⁵⁶
981 1146 1139 1237 adurunt,

70 1267 125 1322 aut
149 1253 323 1322 aestuantia
343 1249 550 1346 refrigerant„
574 1254 765 1346 Opacitate,
786 1267 886 1347 atque
910 1254 1010 1322 etiam
1030 1256 1141 1350 rigore

70 1359 236 1453 gaudent,
264 1383 339 1453 quae
371 1357 512 1426 diximus
520 1343 555 1426 ⁵⁷.
590 1359 705 1446 Quare
743 1360 978 1454 experimentis
1015 1363 1142 1457 optime

70 1465 225 1536 creditur.

120 1574 186 1640 111.
205 1571 234 1639 A
253 1568 334 1640 caelo
352 1572 541 1667 proximum
555 1585 605 1641 est
618 1585 714 1640 terrae
731 1570 852 1641 dixisse
870 1572 1033 1641 rationem
1048 1572 1138 1643 haud
1160 1617 1172 1651 1

71 1676 217 1748 faciliore
239 1691 406 1746 tractatu:
422 1679 547 1774 quippe
563 1703 632 1747 non
656 1678 773 1747 eadem
792 1677 967 1748 arboribus
985 1681 1142 1750 convenit

71 1799 101 1853 et
111 1784 263 1879 frugibus
275 1781 484 1878 plerumque:
495 1809 557 1854 nec
565 1783 656 1882 pulla
664 1783 827 1880 ¹,q1mlem
837 1784 939 1853 habet
946 1787 1141 1880 Campania,

71 1889 192 1985 ubique
212 1891 337 1985 optima
356 1892 477 1961 vitibus
494 1914 501 1956 :
519 1907 577 1961 aut
594 1916 668 1986 quae
680 1888 814 1961 tenues²
834 1880 1139 1962 exbalat'nebulas:
1196 1948 1198 1952 .

71 2022 131 2067 nec
151 1997 285 2066 rubrica
301 1995 413 2066 multis
432 1995 573 2066 laudata.
600 2001 737 2068 Cretam
757 1998 791 2067 in
807 1983 1021 2066 Albensium³
1044 2001 1142 2068 Pom-

110 2163 158 2216 52.
176 2162 309 2215 Decidaut.
325 2163 386 2215 Vet.
401 2160 474 2233 apud
492 2162 583 2216 Dalec.
628 2181 681 2233 que
690 2150 781 2219 ebsm.
795 2173 846 2215 etc.
858 2187 870 2207 ι
880 2163 913 2214 ln
925 2162 1003 2215 MSS.
1015 2163 1141 2219 omnibus

71 2241 191 2294 decidunt.
207 2244 261 2296 En.
628 2253 680 2294 aut.
696 2241 776 2312 Atqui
791 2241 867 2311 prior
877 2259 938 2311 pars
950 2243 1030 2313 hujus
1040 2244 1140 2297 oratio·

112 2323 159 2376 53.
172 2321 323 2397 Quibusdam
333 2324 400 2374 satis.
415 2317 594 2386 Quibusdam,
628 2321 685 2383 nis,
699 2320 791 2373 nebulis
797 2321 975 2386 adurunt,etc.
986 2321 1020 2375 ad
1030 2321 1141 2378 flumina

71 2402 200 2473 frugibus.
213 2402 306 2454 Haan.
628 2413 655 2454 et
667 2413 757 2471 stagna
771 2412 887 2472 spectat,
910 2414 941 2453 ut
952 2399 1078 2456 diximus.
1092 2404 1142 2457 Po·

111 2484 158 2546 54.
175 2481 316 2534 Admoneri·
332 2481 376 2534 ste
389 2499 421 2533 ex
439 2482 516 2535 MSS.
531 2500 583 2534 em.
629 2482 854 2551 sterioropacieate
866 2486 1023 2553 aequaeuam
1043 2487 1139 2552 rigore,

72 2561 153 2614 Hard.
164 2580 237 2614 cons.
250 2560 301 2613 Cb.
313 2562 347 2612 At
357 2563 445 2613 Gron·
456 2574 482 2613 et
495 2561 584 2632 vulgg.
629 2573 679 2613 etc.
699 2560 734 2613 ad
758 2562 881 2624 arbores,
900 2579 960 2632 quae
975 2562 1063 2615 varios
1085 2563 1142 2616 caeli

71 2641 265 2693 amoveretis.
627 2641 694 2694 situs
711 2641 855 2711 postulant.
871 2639 962 2694 Hiran.

111 2720 156 2774 55.
174 2720 297 2771 Halitum.
316 2719 420 2773 Scilicet
441 2723 584 2771 maritimum
671 2719 716 2789 57.
733 2719 915 2787 Quoediximus.
923 2720 983 2775 Lib.
992 2720 1141 2793 XVl,cap.

70 2800 200 2854 afflatum.
212 2800 305 2853 llaan.
630 2801 665 2852 3ο
677 2811 704 2851 et
719 2798 765 2852 31.
782 2800 873 2854 llann.

106 2879 585 2935 56.Nehulisadamut.Emittuntenim
668 2880 718 2931 111.
739 2896 763 2931 1.
784 2879 837 2932 Nee
847 2879 926 2949 pulla.
949 2878 1098 2933 Columella
1114 2881 1142 2933 in

73 2961 182 3014 flumina
198 2972 343 3032 stagnaque
361 2959 487 3023 nebulas,
500 2977 587 3013 aruas-
629 2959 706 3012 Pras.
731 2961 843 3030 «Atque
864 2960 891 3011 in
910 2959 969 3012 aliis
990 2960 1143 3029 regionibus

72 3059 124 3112 que
136 3039 326 3111 frigidamque
342 3039 477 3109 rubigines
490 3037 586 3091 deinde
630 3040 706 3108 nigra
717 3051 801 3103 terra,
820 3057 900 3108 quam
913 3038 1013 3109 pullam
1027 3051 1142 3104 vocant,

72 3135 178 3183 creent,
195 3119 294 3172 vitibus
308 3118 453 3171 admodum
473 3118 586 3188 satisque
630 3131 659 3170 ut
674 3119 702 3169 in
720 3117 880 3190 Campania,
894 3131 934 3171 est
948 3116 1102 3171 laudabilis:
1114 3119 1142 3172 in

73 3201 180 3264 noxias,
190 3199 212 3251 si
221 3217 251 3251 ea
264 3215 361 3268 nempe
374 3198 501 3250 viciniora
516 3198 583 3250 sint:
629 3196 799 3268 aliispinguis
808 3198 917 3250 rubrica
928 3195 1024 3250 melius
1035 3216 1144 3269 respon·

72 3279 165 3333 eadem
177 3277 278 3338 aliubi,
293 3289 347 3331 sata
359 3279 386 3330 in
401 3290 466 3330 aestu
480 3277 586 3347 refrige·
629 3275 690 3341 det,
706 3289 756 3330 etc.
766 3302 777 3322 ·
797 3277 832 3329 Et
846 3278 892 3329 lib.
905 3277 932 3328 11
943 3289 968 3328 et
980 3276 1022 3329 X:
1036 3302 1047 3325 ι
1061 3278 1143 3333 Putre

71 3356 276 3424 rant.Quaread
282 3358 331 3410 soli
340 3370 462 3410 naturam
469 3355 585 3427 dirigen·
628 3357 731 3421 solum,
744 3353 822 3427 quod
835 3355 964 3426 Campani
978 3357 1081 3428 pullum
1095 3379 1144 3412 vo·

72 3438 105 3492 da
118 3438 226 3493 solertia
236 3450 282 3491 est.
294 3439 333 3490 Ita
347 3438 402 3490 fere
417 3436 586 3489 Democritus
630 3450 700 3490 cant.
710 3461 721 3482 ι
737 3435 828 3488 Hasn.

73 3522 100 3572 iu
115 3519 242 3589 Geopon.
257 3517 304 3570 lib.
319 3519 354 3583 V,
365 3536 424 3587 cap.
440 3516 466 3570 5.
484 3516 587 3569 Locum
674 3537 698 3569 a.
715 3516 770 3567 Aut
779 3535 833 3585 qua
842 3529 929 3569 uuues.
942 3516 1088 3588 Virgilium
1095 3538 1144 3571 no·

72 3600 144 3651 bunc
156 3599 256 3670 partim
264 3615 317 3667 ope
324 3595 448 3650 codicum
461 3596 588 3648 antelau·
632 3608 670 3648 tat
682 3595 719 3648 ita
733 3608 887 3659 canentem,
902 3597 1001 3668 Georg.
1012 3598 1055 3662 11,
1070 3617 1143 3669 ²17²

73 3677 196 3731 datorum
212 3677 381 3741 refluximus,
397 3676 494 3747 partim
504 3693 535 3728 ex
549 3676 588 3727 in·
635 3701 647 3723 ι
658 3676 725 3741 Quas
746 3688 852 3729 tenuem
873 3677 977 3730 exhalat
998 3678 1144 3745 nebulam,

74 3756 193 3812 dubitata
220 3758 374 3829 conjectura
395 3755 487 3820 aliter,
507 3773 587 3827 qnam
632 3757 935 3827 fumosquerolucres...
952 3758 1000 3810 Illa
1015 3757 1145 3810 sibilatis

58 3891 60 3894 Α
75 3838 137 3889 olim
149 3838 372 3907 interpunximus.
381 3835 502 3890 Sirenios
512 3835 590 3907 prins
633 3837 734 3889 intexet
748 3835 849 3889 sitibus
861 3837 964 3898 ulmos,
977 3849 1028 3890 etc.
1041 3863 1052 3883 ·
1071 3838 1104 3890 H.

76 3917 212 3988 legebatur
228 3935 236 3969 ε
251 3942 262 3964 ι
273 3914 385 3969 Nebulis
406 3913 540 3982 adunant,
563 3927 590 3968 et
676 3917 701 3969 3.
717 3916 994 3970 AlbensiumAbAlba
1005 3916 1145 3987 Pompeia,

77 3996 208 4050 estuantia
221 3996 382 4066 refrigerant
395 3995 589 4068 opacitate,at·
633 3993 669 4049 (le
679 4014 732 4067 qua
747 3995 795 4050 lib·
808 3997 865 4062 111,
879 4014 937 4067 cap.
951 4015 978 4066 7.
994 3996 1084 4050 Hasn.
