<?xml version="1.0" encoding="UTF-8"?>
<!DOCTYPE html PUBLIC "-//W3C//DTD XHTML 1.0 Transitional//EN"
    "http://www.w3.org/TR/xhtml1/DTD/xhtml1-transitional.dtd">
<html xmlns="http://www.w3.org/1999/xhtml" xml:lang="en" lang="en">
 <head>
  <title>
</title>
<meta http-equiv="Content-Type" content="text/html;charset=utf-8" />
  <meta name='ocr-system' content='tesseract 3.04.00' />
  <meta name='ocr-capabilities' content='ocr_page ocr_carea ocr_par ocr_line ocrx_word'/>
</head>
<body>
  <div class='ocr_page' id='page_1' title='image "bibliothecaclas53lemagoog_0033.png"; bbox 0 0 2670 4808; ppageno 0'>
   <div class='ocr_carea' id='block_1_1' title="bbox 222 398 1005 476">
    <p class='ocr_par' dir='ltr' id='par_1_1' title="bbox 222 398 1005 476">
     <span class='ocr_line' id='line_1_1' title="bbox 222 398 1005 476; baseline -0.008 0"><span class='ocrx_word' id='word_1_1' title='bbox 222 432 269 476; x_wconf 75' lang='lat' dir='ltr'>ao</span> <span class='ocrx_word' id='word_1_2' title='bbox 496 406 535 471; x_wconf 89' lang='lat' dir='ltr'>C.</span> <span class='ocrx_word' id='word_1_3' title='bbox 561 398 719 472; x_wconf 66' lang='lat' dir='ltr'>l’L&#39;lNll</span> <span class='ocrx_word' id='word_1_4' title='bbox 749 402 851 470; x_wconf 79' lang='lat' dir='ltr'>Nar.</span> <span class='ocrx_word' id='word_1_5' title='bbox 881 404 1005 471; x_wconf 86' lang='lat' dir='ltr'>HlST.</span> 
     </span>
    </p>
   </div>
   <div class='ocr_carea' id='block_1_2' title="bbox 175 534 1293 2009">
    <p class='ocr_par' dir='ltr' id='par_1_2' title="bbox 175 534 1293 2009">
     <span class='ocr_line' id='line_1_2' title="bbox 221 534 1286 632; baseline 0 -25"><span class='ocrx_word' id='word_1_6' title='bbox 221 541 321 608; x_wconf 85' lang='lat' dir='ltr'>densa</span> <span class='ocrx_word' id='word_1_7' title='bbox 349 534 433 604; x_wconf 84' lang='lat' dir='ltr'>callo</span> <span class='ocrx_word' id='word_1_8' title='bbox 460 534 554 604; x_wconf 83' lang='lat' dir='ltr'>facile</span> <span class='ocrx_word' id='word_1_9' title='bbox 574 536 854 630; x_wconf 72' lang='lat' dir='ltr'>deprehenditur,</span> <span class='ocrx_word' id='word_1_10' title='bbox 877 536 928 605; x_wconf 85' lang='lat' dir='ltr'>vel</span> <span class='ocrx_word' id='word_1_11' title='bbox 952 560 1020 604; x_wconf 88' lang='lat' dir='ltr'>uno</span> <span class='ocrx_word' id='word_1_12' title='bbox 1042 537 1286 632; x_wconf 23' lang='lat' dir='ltr'>ictu-cuspidis.</span> 
     </span>
     <span class='ocr_line' id='line_1_3' title="bbox 221 641 1288 735; baseline 0 -22"><span class='ocrx_word' id='word_1_13' title='bbox 221 649 306 713; x_wconf 88' lang='lat' dir='ltr'>Cato</span> <span class='ocrx_word' id='word_1_14' title='bbox 322 642 467 710; x_wconf 83' lang='lat' dir='ltr'>breviter</span> <span class='ocrx_word' id='word_1_15' title='bbox 482 656 581 735; x_wconf 80' lang='lat' dir='ltr'>atque</span> <span class='ocrx_word' id='word_1_16' title='bbox 594 667 634 710; x_wconf 86' lang='lat' dir='ltr'>ex</span> <span class='ocrx_word' id='word_1_17' title='bbox 646 666 707 711; x_wconf 90' lang='lat' dir='ltr'>suo</span> <span class='ocrx_word' id='word_1_18' title='bbox 719 667 811 711; x_wconf 90' lang='lat' dir='ltr'>more</span> <span class='ocrx_word' id='word_1_19' title='bbox 823 644 901 711; x_wconf 84' lang='lat' dir='ltr'>vitia</span> <span class='ocrx_word' id='word_1_20' title='bbox 917 641 1134 711; x_wconf 74' lang='lat' dir='ltr'><strong>determinat:</strong></span> <span class='ocrx_word' id='word_1_21' title='bbox 1149 644 1288 713; x_wconf 77' lang='lat' dir='ltr'><strong>Terram</strong></span> 
     </span>
     <span class='ocr_line' id='line_1_4' title="bbox 222 734 1286 844; baseline -0.002 -26"><span class='ocrx_word' id='word_1_22' title='bbox 222 752 381 819; x_wconf 78' lang='lat' dir='ltr'>cariosam</span> <span class='ocrx_word' id='word_1_23' title='bbox 414 772 496 817; x_wconf 84' lang='lat' dir='ltr'>cave</span> <span class='ocrx_word' id='word_1_24' title='bbox 511 734 534 833; x_wconf 82' lang='lat'>⁵,</span> <span class='ocrx_word' id='word_1_25' title='bbox 560 765 646 816; x_wconf 87' lang='lat' dir='ltr'>neve</span> <span class='ocrx_word' id='word_1_26' title='bbox 675 747 847 842; x_wconf 87' lang='lat' dir='ltr'>plaustro,</span> <span class='ocrx_word' id='word_1_27' title='bbox 872 772 956 817; x_wconf 84' lang='lat' dir='ltr'>neve</span> <span class='ocrx_word' id='word_1_28' title='bbox 981 772 1103 844; x_wconf 86' lang='lat' dir='ltr'>pecore</span> <span class='ocrx_word' id='word_1_29' title='bbox 1127 748 1286 844; x_wconf 74' lang='lat' dir='ltr'>impellan</span> 
     </span>
     <span class='ocr_line' id='line_1_5' title="bbox 187 853 1288 950; baseline 0 -27"><span class='ocrx_word' id='word_1_30' title='bbox 187 888 203 936; x_wconf 84' lang='lat'><strong>9</strong></span> <span class='ocrx_word' id='word_1_31' title='bbox 223 856 313 945; x_wconf 85' lang='lat' dir='ltr'><strong>Quid</strong></span> <span class='ocrx_word' id='word_1_32' title='bbox 328 869 484 949; x_wconf 88' lang='lat' dir='ltr'>putamus</span> <span class='ocrx_word' id='word_1_33' title='bbox 498 854 568 923; x_wconf 80' lang='lat' dir='ltr'>&#39;hae</span> <span class='ocrx_word' id='word_1_34' title='bbox 585 853 807 949; x_wconf 68' lang='lat' dir='ltr'>appellatione</span> <span class='ocrx_word' id='word_1_35' title='bbox 828 855 870 923; x_wconf 82' lang='lat' dir='ltr'>ab</span> <span class='ocrx_word' id='word_1_36' title='bbox 889 880 929 923; x_wconf 91' lang='lat' dir='ltr'>eo</span> <span class='ocrx_word' id='word_1_37' title='bbox 946 861 1119 950; x_wconf 87' lang='lat' dir='ltr'>tantopere</span> <span class='ocrx_word' id='word_1_38' title='bbox 1137 855 1288 925; x_wconf 87' lang='lat' dir='ltr'>reformi-</span> 
     </span>
     <span class='ocr_line' id='line_1_6' title="bbox 222 947 1289 1055; baseline 0 -24"><span class='ocrx_word' id='word_1_39' title='bbox 222 963 313 1045; x_wconf 88' lang='lat' dir='ltr'>dari,</span> <span class='ocrx_word' id='word_1_40' title='bbox 328 975 365 1049; x_wconf 69' lang='grc' dir='ltr'>με</span> <span class='ocrx_word' id='word_1_41' title='bbox 380 985 474 1054; x_wconf 85' lang='lat' dir='ltr'>paene</span> <span class='ocrx_word' id='word_1_42' title='bbox 491 960 637 1054; x_wconf 80' lang='lat' dir='ltr'>vestigiis</span> <span class='ocrx_word' id='word_1_43' title='bbox 649 984 784 1054; x_wconf 85' lang='lat' dir='ltr'>quoque</span> <span class='ocrx_word' id='word_1_44' title='bbox 796 959 996 1030; x_wconf 74' lang='lat' dir='ltr'>interdicat?</span> <span class='ocrx_word' id='word_1_45' title='bbox 1012 947 1233 1055; x_wconf 84' lang='lat' dir='ltr'>Redigamus⁶</span> <span class='ocrx_word' id='word_1_46' title='bbox 1246 962 1289 1031; x_wconf 89' lang='lat' dir='ltr'>ad</span> 
     </span>
     <span class='ocr_line' id='line_1_7' title="bbox 224 1065 1288 1163; baseline 0.001 -27"><span class='ocrx_word' id='word_1_47' title='bbox 224 1066 302 1163; x_wconf 85' lang='lat' dir='ltr'>ligni</span> <span class='ocrx_word' id='word_1_48' title='bbox 321 1068 467 1152; x_wconf 70' lang='lat' dir='ltr'>emnem,</span> <span class='ocrx_word' id='word_1_49' title='bbox 488 1079 521 1133; x_wconf 89' lang='lat' dir='ltr'>et</span> <span class='ocrx_word' id='word_1_50' title='bbox 543 1067 748 1136; x_wconf 78' lang='lat' dir='ltr'>inveniemus</span> <span class='ocrx_word' id='word_1_51' title='bbox 764 1065 841 1151; x_wconf 88' lang='lat' dir='ltr'>illa,</span> <span class='ocrx_word' id='word_1_52' title='bbox 859 1090 933 1160; x_wconf 80' lang='lat' dir='ltr'>quae</span> <span class='ocrx_word' id='word_1_53' title='bbox 959 1066 994 1134; x_wconf 90' lang='lat' dir='ltr'>in</span> <span class='ocrx_word' id='word_1_54' title='bbox 1012 1080 1142 1136; x_wconf 87' lang='lat' dir='ltr'>tanturn</span> <span class='ocrx_word' id='word_1_55' title='bbox 1160 1067 1288 1137; x_wconf 90' lang='lat' dir='ltr'>abomi-</span> 
     </span>
     <span class='ocr_line' id='line_1_8' title="bbox 223 1166 1290 1260; baseline 0.002 -18"><span class='ocrx_word' id='word_1_56' title='bbox 223 1166 423 1259; x_wconf 73' lang='lat' dir='ltr'>natu&#39;r,1vitia</span> <span class='ocrx_word' id='word_1_57' title='bbox 435 1225 444 1259; x_wconf 92' lang='lat'>,</span> <span class='ocrx_word' id='word_1_58' title='bbox 457 1170 573 1257; x_wconf 80' lang='lat' dir='ltr'>aridae,</span> <span class='ocrx_word' id='word_1_59' title='bbox 587 1171 742 1242; x_wconf 85' lang='lat' dir='ltr'>fistulosae</span> <span class='ocrx_word' id='word_1_60' title='bbox 751 1172 775 1259; x_wconf 90' lang='lat'>⁷,</span> <span class='ocrx_word' id='word_1_61' title='bbox 790 1172 1156 1260; x_wconf 83' lang='lat' dir='ltr'>scabrae,eanescentis,</span> <span class='ocrx_word' id='word_1_62' title='bbox 1173 1198 1290 1260; x_wconf 73' lang='lat' dir='ltr'>exesae,</span> 
     </span>
     <span class='ocr_line' id='line_1_9' title="bbox 222 1276 1292 1374; baseline 0.002 -26"><span class='ocrx_word' id='word_1_63' title='bbox 222 1295 255 1348; x_wconf 86' lang='lat' dir='ltr'>et</span> <span class='ocrx_word' id='word_1_64' title='bbox 275 1279 462 1374; x_wconf 82' lang='lat' dir='ltr'>pumicosae.</span> <span class='ocrx_word' id='word_1_65' title='bbox 485 1276 562 1347; x_wconf 84' lang='lat' dir='ltr'>Plus</span> <span class='ocrx_word' id='word_1_66' title='bbox 588 1278 670 1347; x_wconf 85' lang='lat' dir='ltr'>dixit</span> <span class='ocrx_word' id='word_1_67' title='bbox 689 1302 756 1347; x_wconf 87' lang='lat' dir='ltr'>una</span> <span class='ocrx_word' id='word_1_68' title='bbox 777 1277 1035 1373; x_wconf 84' lang='lat' dir='ltr'>significatione,</span> <span class='ocrx_word' id='word_1_69' title='bbox 1057 1302 1157 1373; x_wconf 88' lang='lat' dir='ltr'>quarn</span> <span class='ocrx_word' id='word_1_70' title='bbox 1185 1282 1292 1374; x_wconf 80' lang='lat' dir='ltr'>possit</span> 
     </span>
     <span class='ocr_line' id='line_1_10' title="bbox 223 1376 1291 1480; baseline 0 -26"><span class='ocrx_word' id='word_1_71' title='bbox 223 1384 288 1455; x_wconf 83' lang='lat' dir='ltr'>ulla</span> <span class='ocrx_word' id='word_1_72' title='bbox 309 1386 404 1480; x_wconf 87' lang='lat' dir='ltr'>copia</span> <span class='ocrx_word' id='word_1_73' title='bbox 422 1384 583 1453; x_wconf 83' lang='lat' dir='ltr'>sermonis</span> <span class='ocrx_word' id='word_1_74' title='bbox 600 1376 758 1452; x_wconf 79' lang='lat' dir='ltr'>enarrari.</span> <span class='ocrx_word' id='word_1_75' title='bbox 776 1387 838 1453; x_wconf 90' lang='lat' dir='ltr'>Est</span> <span class='ocrx_word' id='word_1_76' title='bbox 852 1388 941 1453; x_wconf 89' lang='lat' dir='ltr'>enim</span> <span class='ocrx_word' id='word_1_77' title='bbox 954 1385 1226 1479; x_wconf 83' lang='lat' dir='ltr'>interpretatione</span> <span class='ocrx_word' id='word_1_78' title='bbox 1240 1389 1291 1454; x_wconf 88' lang='lat' dir='ltr'>vi·</span> 
     </span>
     <span class='ocr_line' id='line_1_11' title="bbox 225 1475 1291 1587; baseline 0 -26"><span class='ocrx_word' id='word_1_79' title='bbox 225 1495 344 1561; x_wconf 83' lang='lat' dir='ltr'>tiorum</span> <span class='ocrx_word' id='word_1_80' title='bbox 371 1488 545 1584; x_wconf 74' lang='lat' dir='ltr'>quaedam,</span> <span class='ocrx_word' id='word_1_81' title='bbox 568 1514 638 1558; x_wconf 90' lang='lat' dir='ltr'>nou</span> <span class='ocrx_word' id='word_1_82' title='bbox 657 1475 776 1559; x_wconf 73' lang='lat' dir='ltr'>aetate²</span> <span class='ocrx_word' id='word_1_83' title='bbox 799 1483 893 1585; x_wconf 74' lang='lat' dir='ltr'>(quae</span> <span class='ocrx_word' id='word_1_84' title='bbox 917 1488 1007 1558; x_wconf 87' lang='lat' dir='ltr'>nulla</span> <span class='ocrx_word' id='word_1_85' title='bbox 1029 1491 1064 1558; x_wconf 89' lang='lat' dir='ltr'>in</span> <span class='ocrx_word' id='word_1_86' title='bbox 1089 1516 1128 1560; x_wconf 84' lang='lat' dir='ltr'>ea</span> <span class='ocrx_word' id='word_1_87' title='bbox 1151 1490 1291 1587; x_wconf 82' lang='lat' dir='ltr'>intelligi</span> 
     </span>
     <span class='ocr_line' id='line_1_12' title="bbox 224 1590 1292 1693; baseline 0.001 -27"><span class='ocrx_word' id='word_1_88' title='bbox 224 1590 375 1693; x_wconf 78' lang='lat' dir='ltr'>potest),</span> <span class='ocrx_word' id='word_1_89' title='bbox 399 1596 455 1664; x_wconf 89' lang='lat' dir='ltr'>sed</span> <span class='ocrx_word' id='word_1_90' title='bbox 480 1609 598 1663; x_wconf 87' lang='lat' dir='ltr'>natura</span> <span class='ocrx_word' id='word_1_91' title='bbox 621 1620 697 1682; x_wconf 80' lang='lat' dir='ltr'>sua,</span> <span class='ocrx_word' id='word_1_92' title='bbox 721 1620 804 1665; x_wconf 89' lang='lat' dir='ltr'>anus</span> <span class='ocrx_word' id='word_1_93' title='bbox 825 1611 940 1664; x_wconf 85' lang='lat' dir='ltr'>terra:</span> <span class='ocrx_word' id='word_1_94' title='bbox 962 1611 996 1665; x_wconf 83' lang='lat' dir='ltr'>et</span> <span class='ocrx_word' id='word_1_95' title='bbox 1018 1595 1092 1666; x_wconf 90' lang='lat' dir='ltr'>ideo</span> <span class='ocrx_word' id='word_1_96' title='bbox 1113 1597 1292 1667; x_wconf 84' lang='lat' dir='ltr'>infecunda</span> 
     </span>
     <span class='ocr_line' id='line_1_13' title="bbox 175 1700 1292 1797; baseline 0 -24"><span class='ocrx_word' id='word_1_97' title='bbox 175 1754 205 1788; x_wconf 66' lang='grc' dir='ltr'>,ο</span> <span class='ocrx_word' id='word_1_98' title='bbox 223 1700 268 1773; x_wconf 75' lang='lat' dir='ltr'>ad</span> <span class='ocrx_word' id='word_1_99' title='bbox 281 1705 523 1794; x_wconf 85' lang='lat' dir='ltr'>omnia,atque</span> <span class='ocrx_word' id='word_1_100' title='bbox 532 1700 705 1769; x_wconf 88' lang='lat' dir='ltr'>imbecilla.</span> <span class='ocrx_word' id='word_1_101' title='bbox 717 1702 811 1770; x_wconf 87' lang='lat' dir='ltr'>Idem</span> <span class='ocrx_word' id='word_1_102' title='bbox 829 1701 967 1797; x_wconf 80' lang='lat' dir='ltr'>agrum⁹</span> <span class='ocrx_word' id='word_1_103' title='bbox 981 1703 1147 1797; x_wconf 88' lang='lat' dir='ltr'>optimum</span> <span class='ocrx_word' id='word_1_104' title='bbox 1163 1703 1292 1797; x_wconf 85' lang='lat' dir='ltr'>judicat</span> 
     </span>
     <span class='ocr_line' id='line_1_14' title="bbox 224 1806 1293 1904; baseline -0.001 -26"><span class='ocrx_word' id='word_1_105' title='bbox 224 1811 267 1878; x_wconf 87' lang='lat' dir='ltr'>ad</span> <span class='ocrx_word' id='word_1_106' title='bbox 285 1808 427 1877; x_wconf 89' lang='lat' dir='ltr'>radicem</span> <span class='ocrx_word' id='word_1_107' title='bbox 446 1808 607 1875; x_wconf 91' lang='lat' dir='ltr'>montium</span> <span class='ocrx_word' id='word_1_108' title='bbox 624 1806 757 1900; x_wconf 82' lang='lat' dir='ltr'>planitie</span> <span class='ocrx_word' id='word_1_109' title='bbox 773 1810 806 1875; x_wconf 94' lang='lat' dir='ltr'>in</span> <span class='ocrx_word' id='word_1_110' title='bbox 823 1807 993 1878; x_wconf 88' lang='lat' dir='ltr'>meridiem</span> <span class='ocrx_word' id='word_1_111' title='bbox 1007 1824 1221 1898; x_wconf 82' lang='lat' dir='ltr'>excurrente3</span> <span class='ocrx_word' id='word_1_112' title='bbox 1235 1812 1293 1904; x_wconf 92' lang='lat' dir='ltr'>qui</span> 
     </span>
     <span class='ocr_line' id='line_1_15' title="bbox 224 1904 1292 2009; baseline -0.001 -23"><span class='ocrx_word' id='word_1_113' title='bbox 224 1931 275 1986; x_wconf 89' lang='lat' dir='ltr'>est</span> <span class='ocrx_word' id='word_1_114' title='bbox 295 1904 395 1985; x_wconf 69' lang='lat' dir='ltr'>totiu&#39;s</span> <span class='ocrx_word' id='word_1_115' title='bbox 413 1909 549 1982; x_wconf 80' lang='lat' dir='ltr'>ltatiae¹⁰</span> <span class='ocrx_word' id='word_1_116' title='bbox 569 1914 650 1982; x_wconf 86' lang='lat' dir='ltr'>situs</span> <span class='ocrx_word' id='word_1_117' title='bbox 667 1932 675 1974; x_wconf 74' lang='grc' dir='ltr'><em>τ</em></span> <span class='ocrx_word' id='word_1_118' title='bbox 694 1928 816 1983; x_wconf 87' lang='lat' dir='ltr'>terram</span> <span class='ocrx_word' id='word_1_119' title='bbox 835 1939 916 1984; x_wconf 86' lang='lat' dir='ltr'>vero</span> <span class='ocrx_word' id='word_1_120' title='bbox 933 1929 1082 1984; x_wconf 86' lang='lat' dir='ltr'>teneram</span> <span class='ocrx_word' id='word_1_121' title='bbox 1094 1913 1116 1938; x_wconf 91' lang='lat'>¹¹</span> <span class='ocrx_word' id='word_1_122' title='bbox 1138 1928 1213 2009; x_wconf 82' lang='lat' dir='ltr'>quae</span> <span class='ocrx_word' id='word_1_123' title='bbox 1232 1941 1292 1985; x_wconf 86' lang='lat' dir='ltr'>vo·</span> 
     </span>
    </p>
   </div>
   <div class='ocr_carea' id='block_1_3' title="bbox 225 2091 1303 4073">
    <p class='ocr_par' dir='ltr' id='par_1_3' title="bbox 225 2091 1303 4073">
     <span class='ocr_line' id='line_1_16' title="bbox 225 2091 1296 2167; baseline 0.002 -16"><span class='ocrx_word' id='word_1_124' title='bbox 225 2097 286 2151; x_wconf 80' lang='lat' dir='ltr'>culli</span> <span class='ocrx_word' id='word_1_125' title='bbox 300 2098 383 2151; x_wconf 70' lang='lat' dir='ltr'>inetur</span> <span class='ocrx_word' id='word_1_126' title='bbox 396 2106 450 2156; x_wconf 83' lang='lat' dir='ltr'>est,</span> <span class='ocrx_word' id='word_1_127' title='bbox 467 2093 543 2148; x_wconf 77' lang='lat' dir='ltr'>tuelle</span> <span class='ocrx_word' id='word_1_128' title='bbox 556 2091 739 2166; x_wconf 85' lang='lat' dir='ltr'>deprehendi·</span> <span class='ocrx_word' id='word_1_129' title='bbox 781 2114 836 2150; x_wconf 84' lang='lat' dir='ltr'>uon</span> <span class='ocrx_word' id='word_1_130' title='bbox 849 2096 982 2167; x_wconf 72' lang='lat' dir='ltr'>attingit...</span> <span class='ocrx_word' id='word_1_131' title='bbox 993 2095 1108 2160; x_wconf 74' lang='lat' dir='ltr'>Quoeeio</span> <span class='ocrx_word' id='word_1_132' title='bbox 1116 2098 1225 2152; x_wconf 68' lang='lat' dir='ltr'>aubert·</span> <span class='ocrx_word' id='word_1_133' title='bbox 1234 2112 1296 2153; x_wconf 81' lang='lat' dir='ltr'>eunt</span> 
     </span>
     <span class='ocr_line' id='line_1_17' title="bbox 225 2175 1295 2239; baseline -0.002 -6"><span class='ocrx_word' id='word_1_134' title='bbox 225 2191 277 2233; x_wconf 87' lang='lat' dir='ltr'>tur.</span> <span class='ocrx_word' id='word_1_135' title='bbox 292 2177 382 2231; x_wconf 76' lang='lat' dir='ltr'>litun.</span> <span class='ocrx_word' id='word_1_136' title='bbox 633 2226 636 2233; x_wconf 78' lang='grc'>,</span> <span class='ocrx_word' id='word_1_137' title='bbox 706 2204 710 2215; x_wconf 85' lang='grc'><strong><em>·</em></strong></span> <span class='ocrx_word' id='word_1_138' title='bbox 781 2194 859 2239; x_wconf 80' lang='lat' dir='ltr'>erre,</span> <span class='ocrx_word' id='word_1_139' title='bbox 876 2176 1004 2229; x_wconf 88' lang='lat' dir='ltr'>ooutinuo</span> <span class='ocrx_word' id='word_1_140' title='bbox 1022 2175 1138 2229; x_wconf 82' lang='lat' dir='ltr'>triennio</span> <span class='ocrx_word' id='word_1_141' title='bbox 1155 2179 1295 2233; x_wconf 82' lang='lat' dir='ltr'>eterilitate</span> 
     </span>
     <span class='ocr_line' id='line_1_18' title="bbox 269 2252 1296 2327; baseline 0.008 -21"><span class='ocrx_word' id='word_1_142' title='bbox 269 2258 305 2312; x_wconf 77' lang='grc'>5.,</span> <span class='ocrx_word' id='word_1_143' title='bbox 320 2255 422 2307; x_wconf 81' lang='lat' dir='ltr'>Terram</span> <span class='ocrx_word' id='word_1_144' title='bbox 446 2259 565 2305; x_wconf 78' lang='lat' dir='ltr'>cariosam</span> <span class='ocrx_word' id='word_1_145' title='bbox 592 2273 663 2318; x_wconf 70' lang='lat' dir='ltr'>eave,</span> <span class='ocrx_word' id='word_1_146' title='bbox 686 2267 739 2308; x_wconf 79' lang='lat' dir='ltr'>eto.</span> <span class='ocrx_word' id='word_1_147' title='bbox 782 2255 945 2309; x_wconf 84' lang='lat' dir='ltr'>afficiuntur.</span> <span class='ocrx_word' id='word_1_148' title='bbox 961 2280 973 2303; x_wconf 77' lang='grc' dir='ltr'>ι</span> <span class='ocrx_word' id='word_1_149' title='bbox 989 2252 1061 2309; x_wconf 86' lang='lat' dir='ltr'>Vide</span> <span class='ocrx_word' id='word_1_150' title='bbox 1082 2273 1142 2327; x_wconf 68' lang='lat' dir='ltr'>qun</span> <span class='ocrx_word' id='word_1_151' title='bbox 1166 2254 1201 2309; x_wconf 85' lang='lat' dir='ltr'>de</span> <span class='ocrx_word' id='word_1_152' title='bbox 1224 2272 1296 2314; x_wconf 80' lang='lat' dir='ltr'>tem</span> 
     </span>
     <span class='ocr_line' id='line_1_19' title="bbox 226 2331 1296 2404; baseline 0.004 -15"><span class='ocrx_word' id='word_1_153' title='bbox 226 2335 362 2391; x_wconf 70' lang='lat' dir='ltr'>Curiorum</span> <span class='ocrx_word' id='word_1_154' title='bbox 374 2345 401 2385; x_wconf 80' lang='lat' dir='ltr'>et</span> <span class='ocrx_word' id='word_1_155' title='bbox 411 2331 512 2384; x_wconf 79' lang='lat' dir='ltr'>verium</span> <span class='ocrx_word' id='word_1_156' title='bbox 524 2346 620 2387; x_wconf 81' lang='lat' dir='ltr'>terrem</span> <span class='ocrx_word' id='word_1_157' title='bbox 632 2334 738 2387; x_wconf 82' lang='lat' dir='ltr'>Colum.</span> <span class='ocrx_word' id='word_1_158' title='bbox 783 2336 856 2389; x_wconf 79' lang='lat' dir='ltr'>veria</span> <span class='ocrx_word' id='word_1_159' title='bbox 877 2334 977 2387; x_wconf 82' lang='lat' dir='ltr'>dicturi</span> <span class='ocrx_word' id='word_1_160' title='bbox 998 2353 1090 2388; x_wconf 77' lang='lat' dir='ltr'>rumne</span> <span class='ocrx_word' id='word_1_161' title='bbox 1114 2336 1163 2388; x_wconf 89' lang='lat' dir='ltr'>lib.</span> <span class='ocrx_word' id='word_1_162' title='bbox 1181 2338 1296 2404; x_wconf 83' lang='lat' dir='ltr'><strong>XVIII,</strong></span> 
     </span>
     <span class='ocr_line' id='line_1_20' title="bbox 227 2412 1011 2485; baseline 0 -19"><span class='ocrx_word' id='word_1_163' title='bbox 227 2416 276 2468; x_wconf 85' lang='lat' dir='ltr'>lib.</span> <span class='ocrx_word' id='word_1_164' title='bbox 298 2414 340 2476; x_wconf 90' lang='lat'>11,</span> <span class='ocrx_word' id='word_1_165' title='bbox 353 2429 423 2483; x_wconf 14' lang='lat' dir='ltr'>*oapr</span> <span class='ocrx_word' id='word_1_166' title='bbox 447 2419 481 2475; x_wconf 72' lang='grc'>4,</span> <span class='ocrx_word' id='word_1_167' title='bbox 508 2412 620 2482; x_wconf 84' lang='lat' dir='ltr'>exponit</span> <span class='ocrx_word' id='word_1_168' title='bbox 641 2412 740 2466; x_wconf 72' lang='lat' dir='ltr'>nimbis</span> <span class='ocrx_word' id='word_1_169' title='bbox 783 2432 842 2485; x_wconf 80' lang='lat' dir='ltr'>cap.</span> <span class='ocrx_word' id='word_1_170' title='bbox 860 2421 905 2481; x_wconf 69' lang='lat'>49.</span> <span class='ocrx_word' id='word_1_171' title='bbox 920 2415 1011 2466; x_wconf 70' lang='lat' dir='ltr'>Hiar.</span> 
     </span>
     <span class='ocr_line' id='line_1_21' title="bbox 229 2489 1297 2565; baseline 0.005 -21"><span class='ocrx_word' id='word_1_172' title='bbox 229 2492 331 2564; x_wconf 72' lang='lat' dir='ltr'>exiguis</span> <span class='ocrx_word' id='word_1_173' title='bbox 348 2489 659 2562; x_wconf 58' lang='lat' dir='ltr'>umimadidamquum</span> <span class='ocrx_word' id='word_1_174' title='bbox 679 2506 742 2562; x_wconf 83' lang='lat' dir='ltr'>poet</span> <span class='ocrx_word' id='word_1_175' title='bbox 795 2504 799 2513; x_wconf 90' lang='lat'>&#39;</span> <span class='ocrx_word' id='word_1_176' title='bbox 826 2495 853 2547; x_wconf 85' lang='lat'>8.</span> <span class='ocrx_word' id='word_1_177' title='bbox 865 2492 923 2545; x_wconf 84' lang='lat' dir='ltr'>Nou</span> <span class='ocrx_word' id='word_1_178' title='bbox 935 2505 1009 2545; x_wconf 75' lang='lat' dir='ltr'>atate</span> <span class='ocrx_word' id='word_1_179' title='bbox 1017 2532 1025 2557; x_wconf 89' lang='lat'><em>,</em></span> <span class='ocrx_word' id='word_1_180' title='bbox 1040 2513 1095 2565; x_wconf 80' lang='lat' dir='ltr'>qnoe</span> <span class='ocrx_word' id='word_1_181' title='bbox 1109 2496 1186 2550; x_wconf 80' lang='lat' dir='ltr'>nullu.</span> <span class='ocrx_word' id='word_1_182' title='bbox 1200 2496 1297 2552; x_wconf 73' lang='lat' dir='ltr'>«Feleo</span> 
     </span>
     <span class='ocr_line' id='line_1_22' title="bbox 228 2570 1297 2646; baseline 0.006 -21"><span class='ocrx_word' id='word_1_183' title='bbox 228 2574 322 2645; x_wconf 72' lang='lat' dir='ltr'>longae</span> <span class='ocrx_word' id='word_1_184' title='bbox 335 2570 462 2624; x_wconf 79' lang='lat' dir='ltr'>eioeitates</span> <span class='ocrx_word' id='word_1_185' title='bbox 475 2571 540 2622; x_wconf 82' lang='lat' dir='ltr'>levie</span> <span class='ocrx_word' id='word_1_186' title='bbox 551 2572 642 2642; x_wconf 81' lang='lat' dir='ltr'>pluvia</span> <span class='ocrx_word' id='word_1_187' title='bbox 652 2572 741 2644; x_wconf 80' lang='lat' dir='ltr'>glebe-</span> <span class='ocrx_word' id='word_1_188' title='bbox 784 2570 900 2625; x_wconf 84' lang='lat' dir='ltr'>eredidit</span> <span class='ocrx_word' id='word_1_189' title='bbox 911 2573 1082 2638; x_wconf 75' lang='lat' dir='ltr'>Tremellius,</span> <span class='ocrx_word' id='word_1_190' title='bbox 1094 2574 1182 2646; x_wconf 86' lang='lat' dir='ltr'>inquit</span> <span class='ocrx_word' id='word_1_191' title='bbox 1190 2577 1297 2631; x_wconf 85' lang='lat' dir='ltr'>Colum.</span> 
     </span>
     <span class='ocr_line' id='line_1_23' title="bbox 229 2649 1298 2722; baseline 0.003 -15"><span class='ocrx_word' id='word_1_192' title='bbox 229 2671 291 2707; x_wconf 87' lang='lat' dir='ltr'>rum</span> <span class='ocrx_word' id='word_1_193' title='bbox 312 2650 476 2720; x_wconf 84' lang='lat' dir='ltr'>euperiorem</span> <span class='ocrx_word' id='word_1_194' title='bbox 499 2666 601 2721; x_wconf 86' lang='lat' dir='ltr'>panem</span> <span class='ocrx_word' id='word_1_195' title='bbox 624 2649 742 2705; x_wconf 79' lang='lat' dir='ltr'>medete-</span> <span class='ocrx_word' id='word_1_196' title='bbox 785 2652 827 2711; x_wconf 88' lang='lat'>11,</span> <span class='ocrx_word' id='word_1_197' title='bbox 847 2670 873 2716; x_wconf 93' lang='lat' dir='ltr'>r,</span> <span class='ocrx_word' id='word_1_198' title='bbox 892 2665 1028 2722; x_wconf 76' lang='lat' dir='ltr'>parentem</span> <span class='ocrx_word' id='word_1_199' title='bbox 1047 2655 1166 2706; x_wconf 82' lang='lat' dir='ltr'>omnium</span> <span class='ocrx_word' id='word_1_200' title='bbox 1183 2668 1298 2721; x_wconf 78' lang='lat' dir='ltr'>tenum,</span> 
     </span>
     <span class='ocr_line' id='line_1_24' title="bbox 231 2729 1299 2802; baseline 0.006 -17"><span class='ocrx_word' id='word_1_201' title='bbox 231 2733 283 2793; x_wconf 87' lang='lat' dir='ltr'>cit,</span> <span class='ocrx_word' id='word_1_202' title='bbox 304 2730 459 2783; x_wconf 82' lang='lat' dir='ltr'>inferiorem</span> <span class='ocrx_word' id='word_1_203' title='bbox 477 2749 532 2782; x_wconf 87' lang='lat' dir='ltr'>uon</span> <span class='ocrx_word' id='word_1_204' title='bbox 555 2733 650 2802; x_wconf 64' lang='lat' dir='ltr'>attigit</span> <span class='ocrx_word' id='word_1_205' title='bbox 671 2732 740 2785; x_wconf 70' lang='lat' dir='ltr'>Deu-</span> <span class='ocrx_word' id='word_1_206' title='bbox 783 2729 854 2784; x_wconf 83' lang='lat' dir='ltr'>elcut</span> <span class='ocrx_word' id='word_1_207' title='bbox 864 2731 1023 2785; x_wconf 82' lang='lat' dir='ltr'>muliebrem</span> <span class='ocrx_word' id='word_1_208' title='bbox 1035 2738 1299 2798; x_wconf 73' lang='lat' dir='ltr'>nexum,oeteteenili</span> 
     </span>
     <span class='ocr_line' id='line_1_25' title="bbox 231 2807 1300 2883; baseline 0.005 -18"><span class='ocrx_word' id='word_1_209' title='bbox 231 2844 270 2853; x_wconf 92' lang='lat'><em>-</em></span> <span class='ocrx_word' id='word_1_210' title='bbox 282 2810 387 2865; x_wconf 82' lang='lat' dir='ltr'>Colum.</span> <span class='ocrx_word' id='word_1_211' title='bbox 398 2808 485 2879; x_wconf 79' lang='lat' dir='ltr'>ipsum</span> <span class='ocrx_word' id='word_1_212' title='bbox 501 2807 593 2864; x_wconf 75' lang='lat' dir='ltr'>audiar</span> <span class='ocrx_word' id='word_1_213' title='bbox 605 2811 654 2865; x_wconf 82' lang='lat' dir='ltr'>inf.</span> <span class='ocrx_word' id='word_1_214' title='bbox 672 2829 700 2863; x_wconf 88' lang='lat' dir='ltr'>n.</span> <span class='ocrx_word' id='word_1_215' title='bbox 713 2828 740 2879; x_wconf 89' lang='lat'>7.</span> <span class='ocrx_word' id='word_1_216' title='bbox 782 2812 837 2881; x_wconf 86' lang='lat' dir='ltr'>jam</span> <span class='ocrx_word' id='word_1_217' title='bbox 853 2811 1015 2875; x_wconf 78' lang='lat' dir='ltr'>confectam,</span> <span class='ocrx_word' id='word_1_218' title='bbox 1032 2813 1239 2883; x_wconf 72' lang='lat' dir='ltr'>pmgeuerundie</span> <span class='ocrx_word' id='word_1_219' title='bbox 1259 2818 1300 2870; x_wconf 79' lang='lat' dir='ltr'>te·</span> 
     </span>
     <span class='ocr_line' id='line_1_26' title="bbox 231 2887 1237 2954; baseline 0.007 -12"><span class='ocrx_word' id='word_1_220' title='bbox 231 2891 697 2950; x_wconf 73' lang='lat' dir='ltr'>En.—Temmcartosam,erc.cato</span> <span class='ocrx_word' id='word_1_221' title='bbox 707 2887 742 2941; x_wconf 86' lang='lat' dir='ltr'>de</span> <span class='ocrx_word' id='word_1_222' title='bbox 784 2890 857 2943; x_wconf 71' lang='lat' dir='ltr'>tibur</span> <span class='ocrx_word' id='word_1_223' title='bbox 869 2908 924 2946; x_wconf 71' lang='lat' dir='ltr'>esse</span> <span class='ocrx_word' id='word_1_224' title='bbox 937 2891 1083 2945; x_wconf 77' lang='lat' dir='ltr'>inhabilem</span> <span class='ocrx_word' id='word_1_225' title='bbox 1090 2931 1098 2954; x_wconf 94' lang='lat'><em>,</em></span> <span class='ocrx_word' id='word_1_226' title='bbox 1111 2905 1162 2947; x_wconf 79' lang='lat' dir='ltr'>etc.</span> <span class='ocrx_word' id='word_1_227' title='bbox 1175 2920 1187 2941; x_wconf 84' lang='lat'><strong>·</strong></span> <span class='ocrx_word' id='word_1_228' title='bbox 1201 2894 1237 2949; x_wconf 82' lang='grc' dir='ltr'>Η.</span> 
     </span>
     <span class='ocr_line' id='line_1_27' title="bbox 232 2966 1298 3045; baseline 0.004 -23"><span class='ocrx_word' id='word_1_229' title='bbox 232 2970 410 3028; x_wconf 72' lang='lat' dir='ltr'>neaman,</span> <span class='ocrx_word' id='word_1_230' title='bbox 427 2966 741 3038; x_wconf 77' lang='lat' dir='ltr'>5‚pag.rr:·Terrurn</span> <span class='ocrx_word' id='word_1_231' title='bbox 826 2989 854 3039; x_wconf 84' lang='lat'>9.</span> <span class='ocrx_word' id='word_1_232' title='bbox 876 2970 942 3023; x_wconf 82' lang='lat' dir='ltr'>Idem</span> <span class='ocrx_word' id='word_1_233' title='bbox 965 2990 1059 3041; x_wconf 71' lang='lat' dir='ltr'>agrum.</span> <span class='ocrx_word' id='word_1_234' title='bbox 1083 2971 1163 3035; x_wconf 76' lang='lat' dir='ltr'>Ceto,</span> <span class='ocrx_word' id='word_1_235' title='bbox 1184 2991 1246 3045; x_wconf 83' lang='lat' dir='ltr'>cap.</span> <span class='ocrx_word' id='word_1_236' title='bbox 1267 2992 1298 3028; x_wconf 87' lang='lat' dir='ltr'>r:</span> 
     </span>
     <span class='ocr_line' id='line_1_28' title="bbox 232 3048 1301 3122; baseline 0.006 -20"><span class='ocrx_word' id='word_1_237' title='bbox 232 3048 360 3105; x_wconf 70' lang='lat' dir='ltr'>cerionem</span> <span class='ocrx_word' id='word_1_238' title='bbox 388 3058 481 3100; x_wconf 83' lang='lat' dir='ltr'>caveto</span> <span class='ocrx_word' id='word_1_239' title='bbox 507 3066 541 3100; x_wconf 86' lang='lat' dir='ltr'>ne</span> <span class='ocrx_word' id='word_1_240' title='bbox 565 3067 643 3112; x_wconf 78' lang='lat' dir='ltr'>aree,</span> <span class='ocrx_word' id='word_1_241' title='bbox 675 3066 743 3101; x_wconf 85' lang='lat' dir='ltr'>uere</span> <span class='ocrx_word' id='word_1_242' title='bbox 789 3075 801 3096; x_wconf 85' lang='lat'><strong>·</strong></span> <span class='ocrx_word' id='word_1_243' title='bbox 816 3048 844 3102; x_wconf 89' lang='lat' dir='ltr'>Si</span> <span class='ocrx_word' id='word_1_244' title='bbox 872 3051 989 3122; x_wconf 74' lang='lat' dir='ltr'>poteris,</span> <span class='ocrx_word' id='word_1_245' title='bbox 1013 3052 1064 3104; x_wconf 78' lang='lat' dir='ltr'>rub</span> <span class='ocrx_word' id='word_1_246' title='bbox 1085 3050 1175 3106; x_wconf 75' lang='lat' dir='ltr'>radice</span> <span class='ocrx_word' id='word_1_247' title='bbox 1200 3054 1301 3108; x_wconf 72' lang='lat' dir='ltr'>monti·</span> 
     </span>
     <span class='ocr_line' id='line_1_29' title="bbox 232 3128 1239 3203; baseline 0.008 -24"><span class='ocrx_word' id='word_1_248' title='bbox 232 3129 393 3198; x_wconf 79' lang='lat' dir='ltr'>plaustrum,</span> <span class='ocrx_word' id='word_1_249' title='bbox 413 3145 479 3179; x_wconf 84' lang='lat' dir='ltr'>neve</span> <span class='ocrx_word' id='word_1_250' title='bbox 500 3144 581 3196; x_wconf 78' lang='lat' dir='ltr'>pecus</span> <span class='ocrx_word' id='word_1_251' title='bbox 601 3128 742 3199; x_wconf 73' lang='lat' dir='ltr'>impellant</span> <span class='ocrx_word' id='word_1_252' title='bbox 784 3129 851 3194; x_wconf 80' lang='lat' dir='ltr'>eiet,</span> <span class='ocrx_word' id='word_1_253' title='bbox 861 3128 889 3182; x_wconf 82' lang='lat' dir='ltr'>iu</span> <span class='ocrx_word' id='word_1_254' title='bbox 902 3129 1043 3184; x_wconf 86' lang='lat' dir='ltr'>meridiem</span> <span class='ocrx_word' id='word_1_255' title='bbox 1052 3143 1162 3203; x_wconf 71' lang='lat' dir='ltr'>spectet.</span> <span class='ocrx_word' id='word_1_256' title='bbox 1177 3156 1188 3177; x_wconf 78' lang='grc' dir='ltr'>ι</span> <span class='ocrx_word' id='word_1_257' title='bbox 1204 3132 1239 3187; x_wconf 85' lang='grc' dir='ltr'>Η.</span> 
     </span>
     <span class='ocr_line' id='line_1_30' title="bbox 233 3205 1300 3279; baseline 0.007 -19"><span class='ocrx_word' id='word_1_258' title='bbox 233 3209 256 3260; x_wconf 82' lang='lat' dir='ltr'>si</span> <span class='ocrx_word' id='word_1_259' title='bbox 273 3208 377 3261; x_wconf 75' lang='lat' dir='ltr'>innon</span> <span class='ocrx_word' id='word_1_260' title='bbox 389 3205 504 3266; x_wconf 76' lang='lat' dir='ltr'>caveris,</span> <span class='ocrx_word' id='word_1_261' title='bbox 521 3223 575 3275; x_wconf 86' lang='lat' dir='ltr'>quo</span> <span class='ocrx_word' id='word_1_262' title='bbox 590 3207 744 3279; x_wconf 78' lang='lat' dir='ltr'>impuleris,</span> <span class='ocrx_word' id='word_1_263' title='bbox 831 3227 871 3261; x_wconf 86' lang='lat'>10.</span> <span class='ocrx_word' id='word_1_264' title='bbox 897 3208 949 3278; x_wconf 77' lang='lat' dir='ltr'>(tut</span> <span class='ocrx_word' id='word_1_265' title='bbox 967 3222 1003 3261; x_wconf 84' lang='lat' dir='ltr'>est</span> <span class='ocrx_word' id='word_1_266' title='bbox 1020 3214 1092 3264; x_wconf 78' lang='lat' dir='ltr'>tetius</span> <span class='ocrx_word' id='word_1_267' title='bbox 1109 3211 1200 3265; x_wconf 61' lang='lat' dir='ltr'>Itatr&#39;oess</span> <span class='ocrx_word' id='word_1_268' title='bbox 1227 3212 1300 3266; x_wconf 86' lang='lat' dir='ltr'>Plin.</span> 
     </span>
     <span class='ocr_line' id='line_1_31' title="bbox 233 3285 1302 3364; baseline 0.006 -25"><span class='ocrx_word' id='word_1_269' title='bbox 233 3285 344 3340; x_wconf 85' lang='lat' dir='ltr'>triennii</span> <span class='ocrx_word' id='word_1_270' title='bbox 357 3285 474 3339; x_wconf 76' lang='lat' dir='ltr'>fructum</span> <span class='ocrx_word' id='word_1_271' title='bbox 490 3286 603 3339; x_wconf 81' lang='lat' dir='ltr'>emittes.</span> <span class='ocrx_word' id='word_1_272' title='bbox 614 3312 625 3332; x_wconf 78' lang='grc' dir='ltr'>ι</span> <span class='ocrx_word' id='word_1_273' title='bbox 642 3286 678 3341; x_wconf 82' lang='grc' dir='ltr'>Η.</span> <span class='ocrx_word' id='word_1_274' title='bbox 787 3287 845 3350; x_wconf 85' lang='lat'>111,</span> <span class='ocrx_word' id='word_1_275' title='bbox 870 3291 902 3346; x_wconf 83' lang='grc'>6,</span> <span class='ocrx_word' id='word_1_276' title='bbox 927 3287 962 3341; x_wconf 86' lang='lat' dir='ltr'>de</span> <span class='ocrx_word' id='word_1_277' title='bbox 981 3290 1058 3342; x_wconf 71' lang='lat' dir='ltr'>ltalia</span> <span class='ocrx_word' id='word_1_278' title='bbox 1073 3310 1082 3344; x_wconf 71' lang='grc' dir='ltr'>ι</span> <span class='ocrx_word' id='word_1_279' title='bbox 1100 3311 1112 3334; x_wconf 87' lang='lat'><strong>·</strong></span> <span class='ocrx_word' id='word_1_280' title='bbox 1124 3289 1229 3345; x_wconf 86' lang='lat' dir='ltr'>Ineedit</span> <span class='ocrx_word' id='word_1_281' title='bbox 1252 3312 1302 3364; x_wconf 85' lang='lat' dir='ltr'>per</span> 
     </span>
     <span class='ocr_line' id='line_1_32' title="bbox 274 3363 1301 3439; baseline 0.009 -22"><span class='ocrx_word' id='word_1_282' title='bbox 274 3368 301 3420; x_wconf 84' lang='lat'>6.</span> <span class='ocrx_word' id='word_1_283' title='bbox 312 3364 520 3435; x_wconf 78' lang='lat' dir='ltr'>Redigomur.8ie</span> <span class='ocrx_word' id='word_1_284' title='bbox 532 3363 744 3420; x_wconf 81' lang='lat' dir='ltr'>em.llard.euur</span> <span class='ocrx_word' id='word_1_285' title='bbox 789 3366 885 3432; x_wconf 81' lang='lat' dir='ltr'>maria,</span> <span class='ocrx_word' id='word_1_286' title='bbox 900 3367 959 3421; x_wconf 76' lang='lat' dir='ltr'>culi</span> <span class='ocrx_word' id='word_1_287' title='bbox 975 3369 1085 3439; x_wconf 79' lang='lat' dir='ltr'>regione</span> <span class='ocrx_word' id='word_1_288' title='bbox 1104 3368 1139 3423; x_wconf 82' lang='lat' dir='ltr'>ad</span> <span class='ocrx_word' id='word_1_289' title='bbox 1159 3370 1301 3426; x_wconf 87' lang='lat' dir='ltr'>meridiem</span> 
     </span>
     <span class='ocr_line' id='line_1_33' title="bbox 234 3443 1303 3520; baseline 0.007 -25"><span class='ocrx_word' id='word_1_290' title='bbox 234 3443 304 3499; x_wconf 85' lang='lat' dir='ltr'>Pint.</span> <span class='ocrx_word' id='word_1_291' title='bbox 317 3445 439 3498; x_wconf 85' lang='lat' dir='ltr'>exMSS.</span> <span class='ocrx_word' id='word_1_292' title='bbox 453 3443 575 3496; x_wconf 65' lang='lat' dir='ltr'>redeamus</span> <span class='ocrx_word' id='word_1_293' title='bbox 589 3445 746 3499; x_wconf 83' lang='lat' dir='ltr'>Gronov.et</span> <span class='ocrx_word' id='word_1_294' title='bbox 788 3443 917 3515; x_wconf 85' lang='lat' dir='ltr'>quidem:</span> <span class='ocrx_word' id='word_1_295' title='bbox 932 3445 979 3501; x_wconf 75' lang='lat' dir='ltr'>aed</span> <span class='ocrx_word' id='word_1_296' title='bbox 1001 3449 1023 3501; x_wconf 81' lang='lat' dir='ltr'>ei</span> <span class='ocrx_word' id='word_1_297' title='bbox 1045 3447 1105 3520; x_wconf 81' lang='lat' dir='ltr'>quie</span> <span class='ocrx_word' id='word_1_298' title='bbox 1129 3447 1158 3501; x_wconf 89' lang='lat' dir='ltr'>id</span> <span class='ocrx_word' id='word_1_299' title='bbox 1178 3447 1303 3520; x_wconf 68' lang='lat' dir='ltr'>diligenti</span> 
     </span>
     <span class='ocr_line' id='line_1_34' title="bbox 232 3524 1302 3599; baseline 0.007 -23"><span class='ocrx_word' id='word_1_300' title='bbox 232 3524 267 3575; x_wconf 79' lang='lat' dir='ltr'>ul.</span> <span class='ocrx_word' id='word_1_301' title='bbox 282 3525 334 3577; x_wconf 83' lang='lat' dir='ltr'>En.</span> <span class='ocrx_word' id='word_1_302' title='bbox 785 3524 934 3579; x_wconf 78' lang='lat' dir='ltr'>eubtilitete</span> <span class='ocrx_word' id='word_1_303' title='bbox 944 3526 1039 3599; x_wconf 74' lang='lat' dir='ltr'>exiget,</span> <span class='ocrx_word' id='word_1_304' title='bbox 1056 3529 1126 3581; x_wconf 82' lang='lat' dir='ltr'>inter</span> <span class='ocrx_word' id='word_1_305' title='bbox 1138 3541 1238 3583; x_wconf 75' lang='lat' dir='ltr'>sextum</span> <span class='ocrx_word' id='word_1_306' title='bbox 1250 3531 1302 3584; x_wconf 88' lang='lat' dir='ltr'>ho·</span> 
     </span>
     <span class='ocr_line' id='line_1_35' title="bbox 274 3600 1290 3679; baseline 0.009 -25"><span class='ocrx_word' id='word_1_307' title='bbox 274 3621 300 3672; x_wconf 82' lang='lat'>7.</span> <span class='ocrx_word' id='word_1_308' title='bbox 313 3602 410 3665; x_wconf 76' lang='lat' dir='ltr'>Arida,</span> <span class='ocrx_word' id='word_1_309' title='bbox 413 3600 543 3671; x_wconf 70' lang='lat' dir='ltr'>fistulam.</span> <span class='ocrx_word' id='word_1_310' title='bbox 554 3603 694 3658; x_wconf 85' lang='lat' dir='ltr'>Columell.</span> <span class='ocrx_word' id='word_1_311' title='bbox 705 3605 743 3668; x_wconf 89' lang='lat'>11,</span> <span class='ocrx_word' id='word_1_312' title='bbox 788 3621 862 3671; x_wconf 75' lang='lat' dir='ltr'>rum,</span> <span class='ocrx_word' id='word_1_313' title='bbox 875 3607 1042 3679; x_wconf 79' lang='lat' dir='ltr'>primumque</span> <span class='ocrx_word' id='word_1_314' title='bbox 1054 3608 1213 3661; x_wconf 77' lang='lat' dir='ltr'>brumalem.</span> <span class='ocrx_word' id='word_1_315' title='bbox 1225 3634 1237 3657; x_wconf 78' lang='grc' dir='ltr'>ι</span> <span class='ocrx_word' id='word_1_316' title='bbox 1255 3609 1290 3663; x_wconf 86' lang='grc' dir='ltr'>Η.</span> 
     </span>
     <span class='ocr_line' id='line_1_36' title="bbox 236 3682 1300 3753; baseline 0.009 -21"><span class='ocrx_word' id='word_1_317' title='bbox 236 3687 273 3747; x_wconf 70' lang='lat'>4„</span> <span class='ocrx_word' id='word_1_318' title='bbox 287 3701 315 3752; x_wconf 89' lang='lat' dir='ltr'>p.</span> <span class='ocrx_word' id='word_1_319' title='bbox 329 3688 386 3753; x_wconf 70' lang='lat'>47:</span> <span class='ocrx_word' id='word_1_320' title='bbox 410 3682 521 3746; x_wconf 79' lang='lat' dir='ltr'>«Quum</span> <span class='ocrx_word' id='word_1_321' title='bbox 539 3694 635 3736; x_wconf 83' lang='lat' dir='ltr'>terrem</span> <span class='ocrx_word' id='word_1_322' title='bbox 651 3683 745 3737; x_wconf 72' lang='lat' dir='ltr'>rustici</span> <span class='ocrx_word' id='word_1_323' title='bbox 833 3703 877 3738; x_wconf 88' lang='lat' dir='ltr'>rr.</span> <span class='ocrx_word' id='word_1_324' title='bbox 893 3687 992 3738; x_wconf 78' lang='lat' dir='ltr'>Tenum</span> <span class='ocrx_word' id='word_1_325' title='bbox 1011 3706 1071 3740; x_wconf 79' lang='lat' dir='ltr'>vem</span> <span class='ocrx_word' id='word_1_326' title='bbox 1089 3699 1201 3740; x_wconf 74' lang='lat' dir='ltr'>tenerem.</span> <span class='ocrx_word' id='word_1_327' title='bbox 1216 3689 1300 3750; x_wconf 80' lang='lat' dir='ltr'>Ceto,</span> 
     </span>
     <span class='ocr_line' id='line_1_37' title="bbox 232 3761 1301 3838; baseline 0.008 -25"><span class='ocrx_word' id='word_1_328' title='bbox 232 3762 332 3814; x_wconf 78' lang='lat' dir='ltr'>veriam</span> <span class='ocrx_word' id='word_1_329' title='bbox 348 3761 532 3831; x_wconf 70' lang='lat' dir='ltr'>eeriomque</span> <span class='ocrx_word' id='word_1_330' title='bbox 543 3762 694 3833; x_wconf 77' lang='lat' dir='ltr'>appellant,</span> <span class='ocrx_word' id='word_1_331' title='bbox 714 3782 745 3816; x_wconf 80' lang='lat' dir='ltr'>ea</span> <span class='ocrx_word' id='word_1_332' title='bbox 787 3781 848 3833; x_wconf 73' lang='lat' dir='ltr'>cap.</span> <span class='ocrx_word' id='word_1_333' title='bbox 861 3783 929 3819; x_wconf 76' lang='lat' dir='ltr'>our:</span> <span class='ocrx_word' id='word_1_334' title='bbox 952 3791 964 3813; x_wconf 82' lang='lat'><strong>·</strong></span> <span class='ocrx_word' id='word_1_335' title='bbox 981 3766 1043 3830; x_wconf 91' lang='lat' dir='ltr'>Quo</span> <span class='ocrx_word' id='word_1_336' title='bbox 1059 3779 1137 3838; x_wconf 82' lang='lat' dir='ltr'>pecto</span> <span class='ocrx_word' id='word_1_337' title='bbox 1152 3781 1301 3838; x_wconf 77' lang='lat' dir='ltr'>cupreeretu</span> 
     </span>
     <span class='ocr_line' id='line_1_38' title="bbox 232 3840 1301 3924; baseline 0.007 -32"><span class='ocrx_word' id='word_1_338' title='bbox 232 3853 279 3905; x_wconf 78' lang='lat' dir='ltr'>est,</span> <span class='ocrx_word' id='word_1_339' title='bbox 301 3858 386 3924; x_wconf 70' lang='lat' dir='ltr'>quum</span> <span class='ocrx_word' id='word_1_340' title='bbox 410 3851 472 3911; x_wconf 79' lang='lat' dir='ltr'>poet</span> <span class='ocrx_word' id='word_1_341' title='bbox 499 3840 591 3912; x_wconf 77' lang='lat' dir='ltr'>longer</span> <span class='ocrx_word' id='word_1_342' title='bbox 615 3843 745 3896; x_wconf 68' lang='lat' dir='ltr'>siccitates</span> <span class='ocrx_word' id='word_1_343' title='bbox 788 3843 840 3895; x_wconf 77' lang='lat' dir='ltr'>reri</span> <span class='ocrx_word' id='word_1_344' title='bbox 857 3857 1029 3915; x_wconf 76' lang='lat' dir='ltr'>oporteat.....</span> <span class='ocrx_word' id='word_1_345' title='bbox 1048 3847 1101 3899; x_wconf 87' lang='lat' dir='ltr'>Per</span> <span class='ocrx_word' id='word_1_346' title='bbox 1113 3865 1161 3900; x_wconf 81' lang='lat' dir='ltr'>ver</span> <span class='ocrx_word' id='word_1_347' title='bbox 1178 3847 1260 3901; x_wconf 72' lang='lat' dir='ltr'>serito</span> <span class='ocrx_word' id='word_1_348' title='bbox 1273 3849 1301 3902; x_wconf 87' lang='lat' dir='ltr'>in</span> 
     </span>
     <span class='ocr_line' id='line_1_39' title="bbox 231 3918 1302 3995; baseline 0.009 -24"><span class='ocrx_word' id='word_1_349' title='bbox 231 3919 296 3973; x_wconf 82' lang='lat' dir='ltr'>lerie</span> <span class='ocrx_word' id='word_1_350' title='bbox 319 3918 410 3990; x_wconf 83' lang='lat' dir='ltr'>pluvia</span> <span class='ocrx_word' id='word_1_351' title='bbox 442 3919 606 3991; x_wconf 73' lang='lat' dir='ltr'>superiorem</span> <span class='ocrx_word' id='word_1_352' title='bbox 639 3935 743 3995; x_wconf 77' lang='lat' dir='ltr'>partem</span> <span class='ocrx_word' id='word_1_353' title='bbox 788 3920 868 3984; x_wconf 83' lang='lat' dir='ltr'>loeo,</span> <span class='ocrx_word' id='word_1_354' title='bbox 893 3924 941 3977; x_wconf 85' lang='lat' dir='ltr'>ubi</span> <span class='ocrx_word' id='word_1_355' title='bbox 967 3936 1037 3978; x_wconf 83' lang='lat' dir='ltr'>terra</span> <span class='ocrx_word' id='word_1_356' title='bbox 1065 3926 1209 3980; x_wconf 74' lang='lat' dir='ltr'>tenerrime</span> <span class='ocrx_word' id='word_1_357' title='bbox 1235 3926 1302 3993; x_wconf 86' lang='lat' dir='ltr'>erit,</span> 
     </span>
     <span class='ocr_line' id='line_1_40' title="bbox 229 3999 1240 4073; baseline 0.006 -21"><span class='ocrx_word' id='word_1_358' title='bbox 229 4000 368 4069; x_wconf 75' lang='lat' dir='ltr'>glebarum</span> <span class='ocrx_word' id='word_1_359' title='bbox 398 3999 556 4066; x_wconf 77' lang='lat' dir='ltr'>madefacit,</span> <span class='ocrx_word' id='word_1_360' title='bbox 588 4001 743 4057; x_wconf 81' lang='lat' dir='ltr'>inferiorem</span> <span class='ocrx_word' id='word_1_361' title='bbox 789 4019 869 4070; x_wconf 78' lang='lat' dir='ltr'>quum</span> <span class='ocrx_word' id='word_1_362' title='bbox 884 4004 986 4073; x_wconf 87' lang='lat' dir='ltr'>pullern</span> <span class='ocrx_word' id='word_1_363' title='bbox 1001 4018 1104 4059; x_wconf 81' lang='lat' dir='ltr'>vocent.</span> <span class='ocrx_word' id='word_1_364' title='bbox 1118 4030 1130 4052; x_wconf 80' lang='grc' dir='ltr'>ι</span> <span class='ocrx_word' id='word_1_365' title='bbox 1147 4006 1240 4059; x_wconf 80' lang='lat' dir='ltr'>Huu.</span> 
     </span>
    </p>
   </div>
   <div class='ocr_carea' id='block_1_4' title="bbox 0 0 1358 4808">
    <p class='ocr_par' dir='ltr' id='par_1_4' title="bbox 0 0 1358 4808">
     <span class='ocr_line' id='line_1_41' title="bbox 0 0 1358 4808; baseline 0 0"><span class='ocrx_word' id='word_1_366' title='bbox 0 0 1358 4808; x_wconf 95' lang='lat' dir='ltr'> </span> 
     </span>
    </p>
   </div>
  </div>
 </body>
</html>
