2670 4808
95 418 104 431 ,
151 367 196 441 52
409 373 449 438 C.
479 369 650 438 Ptnttlt
679 368 788 436 Nar.
823 370 954 438 rust.

116 516 316 571 orntrtantes
343 504 375 569 in
402 503 617 569 contrarium.
647 503 825 569 Densiores
854 503 940 569 enim
961 499 1040 570 folio
1060 504 1107 572 ita
1131 504 1224 591 lieri,

149 610 319 703 magisque
342 622 517 701 protegere
534 606 697 691 lmctum,
716 620 750 674 et
767 607 877 675 minus
895 609 1072 677 amittere:
1096 609 1221 681 licum-

149 740 213 809 que
231 716 277 783 sic
291 715 388 781 ctiam
402 698 606 781 scansilem²⁵
619 712 701 780 sieri.
720 701 870 807 Plerique
887 712 919 781 id
933 712 1067 783 demum
1082 733 1224 799 cavent,

149 837 186 890 ut
211 819 307 917 plaga
333 819 481 913 deputati
503 819 683 886 cacuminis
711 818 881 887 meridiem
903 834 1050 913 spectet,
1078 824 1188 916 ignari
1199 814 1223 848 ²⁶

149 927 274 995 fissuris
295 926 386 994 nimii
405 926 537 1020 vaporis
555 926 688 1019 opponi.
715 924 753 992 ld
774 923 905 1018 quidem
927 927 961 993 in
981 927 1100 995 boram
1112 926 1137 969 ²⁷
1156 930 1222 999 diei

148 1035 296 1126 quintam
320 1029 372 1098 vel
395 1044 548 1101 octavam
565 1044 714 1124 spectare
731 1029 915 1100 maluerim.
934 1033 1039 1126 AEque
1056 1032 1139 1104 latet
1153 1060 1224 1105 non

149 1136 400 1233 negligendum,
435 1162 476 1205 ne
512 1136 638 1206 radices
650 1121 674 1160 '⁸
708 1160 801 1206 mora
835 1139 1041 1223 inarescant,
1077 1164 1165 1210 neve
1203 1166 1223 1210 a

148 1243 456 1340 septemtrionibus,
476 1258 533 1312 aut
550 1241 593 1311 ab
617 1266 656 1311 ca
681 1257 775 1337 parte
793 1240 863 1311 caeli
884 1267 988 1338 usque
1005 1244 1048 1313 ad
1064 1262 1223 1317 exortum

149 1348 333 1421 brumalem
350 1364 450 1422 vento
464 1350 564 1418 flante
581 1348 784 1418 effodiantur
800 1349 954 1434 arbores,
966 1365 1026 1419 aut
1038 1366 1130 1421 certe
1151 1379 1222 1423 non

149 1456 344 1526 adversariis
363 1457 467 1524 ventis
481 1455 608 1524 radices
625 1455 855 1549 praebeantur:
874 1458 1112 1551 propterquod
1127 1484 1222 1530 emo·

150 1566 291 1646 riuntur,
311 1563 432 1655 ignaris
450 1586 557 1630 causae
575 1559 736 1655 agricolis.
755 1564 841 1631 Cato
857 1559 1005 1631 omnes²⁹
1025 1579 1165 1648 ventos,
1187 1584 1223 1636 et

150 1670 288 1738 imbrem
316 1692 447 1761 quoque
467 1668 500 1734 in
523 1681 592 1734 tota
612 1666 827 1736 translatione
849 1667 995 1737 damnat.
1018 1671 1063 1738 Et
1084 1672 1222 1742 adhaec

149 1758 332 1869 proderit³⁰
347 1772 627 1867 quamplurimum
648 1788 762 1857 terrae,
778 1775 811 1841 in
833 1798 898 1868 qua
917 1774 1078 1861 vixerint,
1097 1777 1221 1849 radici-

148 1881 210 1949 bus
229 1879 416 1960 cohaerere,
432 1903 471 1947 ac
488 1893 574 1948 totas
595 1881 719 1973 cespite
737 1879 976 1973 circumligari:
998 1906 1101 1974 quum
1116 1884 1164 1953 ob
1185 1886 1220 1955 id

147 1972 262 2055 Cato³'
284 1987 314 2052 in
337 1984 494 2053 corbibus
511 1985 680 2055 transferri
693 1984 825 2078 jubeat,
849 1984 967 2081 procul
987 1986 1090 2056 dubio
1110 1989 1221 2061 utilis·

189 2160 392 2215 assumerem.
409 2157 659 2231 Ἐὑίατιτέρανγίνε-
704 2159 830 2232 vigesima
848 2174 942 2232 quarta
964 2162 992 2215 in
1013 2175 1103 2216 ortum
1117 2163 1222 2221 redeat.

147 2248 216 2298 ater.
232 2240 371 2311 Theophr.
385 2241 436 2293 loc.
453 2241 525 2293 citat.
540 2241 661 2293 Scausilis
704 2239 776 2293 Vide
790 2240 839 2294 lib.
850 2241 973 2313 VI,cap.
987 2241 1002 2295 3
1017 2255 1045 2295 et
1058 2244 1219 2299 3a.Ds1.1e.

147 2319 340 2382 arbor-dicitur,
351 2319 660 2390 queassurgitmtacan·
704 2321 778 2373 —Ia
791 2320 873 2371 boram
888 2320 944 2373 diei.
964 2321 1024 2375 Hoc
1044 2336 1100 2386 est,
1118 2323 1146 2377 in
1160 2343 1220 2379 earn

148 2400 175 2452 ‹li
187 2400 262 2452 l'acile
271 2399 352 2470 possit
362 2418 368 2451 :
380 2411 472 2451 contra
484 2396 611 2459 derdere:
623 2399 662 2451 in·
704 2381 761 2453 caeli
775 2400 911 2470 regionem
933 2400 1038 2454 obverti
1058 2403 1200 2459 maluerim
1213 2445 1221 2467 ,

147 2497 256 2532 arcessa.
269 2479 361 2532 urin.
705 2478 753 2531 ubi
772 2480 827 2543 sol,
846 2497 930 2550 quum
944 2479 1087 2534 undecima
1100 2495 1157 2549 est,
1176 2486 1219 2538 rel

190 2564 235 2611 26.
252 2559 346 2626 Ignari.
361 2558 422 2609 Non
436 2558 604 2628 intelligunt,
618 2559 659 2610 vel
705 2571 765 2628 post
780 2557 918 2610 meridiem
938 2559 1071 2626 secuuda,
1091 2574 1162 2617 stare
1177 2566 1220 2617 vi·

148 2640 185 2690 sic
195 2638 295 2709 opponi
306 2637 390 2689 nimio
401 2638 497 2700 calori,
510 2656 566 2709 quo
579 2636 660 2690 findi-
704 2636 793 2691 detur.
803 2636 874 2690 Vide
884 2657 943 2709 quae
956 2636 1072 2693 diximus
1084 2640 1121 2693 ad
1132 2643 1153 2695 l.
1169 2644 1220 2697 Vl.

148 2717 407 2771 toreumatum.
704 2716 794 2771 Hnao.
808 2751 847 2760 -
862 2716 956 2769 Horam
977 2719 1027 2771 diei
1045 2723 1154 2793 quintam
1178 2727 1223 2775 ne!

189 2817 235 2867 27.
251 2798 284 2849 Id
291 2796 384 2868 quidem
395 2799 419 2848 iu
434 2798 532 2860 loram,
543 2809 593 2850 etc.
603 2797 660 2850 Hoc
704 2808 821 2850 octavam.
840 2796 912 2850 Hora
933 2796 985 2849 diei
1004 2799 1097 2870 quintu
1109 2815 1150 2855 est
1164 2804 1220 2857 Eu·

147 2891 202 2942 est,
218 2877 245 2929 in
259 2877 395 2947 regionem
409 2876 480 2939 caeli,
497 2895 556 2947 quae
567 2889 606 2928 est
619 2876 660 2929 in·
704 2891 830 2940 mactus,
844 2875 1092 2942 tesard-Summa·
1105 2893 1219 2950 octava,

148 2971 189 3010 ter
204 2955 344 3009 meridiem
358 2969 384 3009 et
399 2969 488 3009 ortum
503 2956 661 3019 brumalem,
705 2957 824 3018 Africus,
838 2957 860 3008 le
872 2956 1024 3010 sad-onae
1039 2959 1125 3013 Baor.

148 3036 174 3089 id
184 3049 233 3101 est,
240 3037 310 3090 iuter
317 3039 444 3089 Austrum
454 3036 660 3100 rtVulturnum,
745 3040 790 3090 28.
805 3037 844 3089 Ne
863 3036 963 3089 radices.
986 3038 1027 3090 Ne
1046 3037 1219 3095 diuturniore

146 3130 226 3188 atque
239 3116 306 3170 adeo
319 3117 390 3169 inter
402 3119 528 3168 Austrum
543 3123 570 3168 et
581 3115 660 3167 Phua·
703 3133 792 3180 rnora,
807 3117 909 3186 jaceant
929 3117 1005 3169 hami
1027 3117 1129 3172 semina
1155 3138 1218 3174 cum

147 3198 207 3249 nica
220 3196 275 3249 sire
284 3198 451 3251 Eurouoton.
459 3194 510 3248 Vel
525 3195 594 3247 inter
604 3211 660 3248 me·
703 3194 852 3260 radicibus,
865 3209 892 3248 et
904 3195 1121 3251 radicesiuterim
1131 3198 1219 3255 inare-

146 3275 242 3328 ridiem
265 3288 292 3328 et
313 3292 435 3329 occasum
455 3272 616 3339 hibernum,
630 3274 659 3327 id
704 3288 785 3328 scant.
799 3273 891 3327 linari.

147 3355 281 3419 est‚inter
296 3354 415 3408 Africum
430 3355 658 3421 etAustrum,rel
745 3374 790 3423 ²9·
815 3352 880 3408 Cato
907 3374 994 3407 omnes.
1015 3356 1082 3426 Cap.
1110 3376 1219 3414 xxrrrr:

147 3437 308 3488 Libonoton.
322 3434 487 3506 Geographi,
505 3446 532 3487 et
554 3433 593 3487 rei
614 3454 659 3488 ru·
704 3430 1221 3506 *Cavetoautemmequumventosum,

145 3516 216 3568 stica
231 3514 388 3584 scriptores.
407 3514 463 3567 caeli
478 3514 598 3584 regiones
608 3526 659 3567 ter·
702 3526 748 3567 aut
760 3514 856 3576 imber,
865 3513 989 3575 effodias,
1001 3530 1048 3569 aut
1060 3535 1147 3572 aeras:
1157 3538 1220 3573 nam

145 3610 287 3664 rarumque
302 3592 366 3645 situs
387 3611 418 3645 ac
437 3593 596 3664 positionem
610 3611 659 3661 per
703 3590 731 3644 id
746 3593 860 3646 maxime
873 3593 1021 3647 cavendum
1037 3608 1087 3648 est.
1101 3622 1113 3643 ι
1132 3598 1169 3652 Η.

146 3675 224 3728 horas
237 3673 358 3742 vulgares
372 3671 527 3743 designant:
543 3672 656 3742 primam
745 3673 789 3725 30.
814 3675 850 3724 Ee
865 3674 901 3725 ad
919 3673 970 3726 bec
983 3675 1101 3745 proderit.
1122 3678 1168 3731 Sic
1187 3698 1220 3732 ex

144 3755 237 3807 boram
262 3753 296 3805 ab
316 3765 378 3804 ortu
402 3751 581 3823 aequinoctiali
606 3769 657 3803 nu·
702 3750 778 3805 MSS.
792 3750 895 3805 emend.
910 3752 992 3807 Hard.
1010 3773 1083 3808 cons.
1097 3755 1156 3812 MS.
1166 3758 1218 3810 Gr.

145 3846 289 3894 merentes,
304 3830 341 3884 sic
356 3844 384 3883 ut
397 3845 469 3884 sexta
478 3829 554 3883 cadat
564 3831 592 3882 in
604 3847 658 3881 me·
704 3844 730 3884 ct
744 3832 785 3885 Al.
802 3844 827 3883 er
838 3832 882 3882 lroc
892 3833 1010 3901 proderit.
1025 3835 1078 3886 En.

144 3914 255 3976 ildimn,
276 3909 435 3964 duodecima
456 3910 483 3961 in
513 3927 655 3961 occasum:
744 3909 790 3963 31.
807 3912 968 3980 (tarrmodr'd
983 3906 1133 3967 CaroLoe.
1147 3916 1219 3970 citat.

143 3992 244 4047 decima
258 4002 349 4043 crura
372 3990 399 4041 iu
416 3990 630 4059 septemtrionem
648 4008 654 4039 ι
705 4016 716 4036 ι
728 3990 816 4054 Oleas,
829 3993 931 4057 ulmos,
946 3994 1025 4059 licor,
1036 3995 1217 4065 poma,rites,
