2670 4808
415 359 591 429 'LIBER
622 357 751 426 xvlL
1077 360 1120 434 31

66 485 213 580 invenio)
232 516 271 560 re
294 488 353 559 tali
361 488 500 578 utendi,
521 488 654 584 quando
670 503 704 559 et
719 488 776 558 hie
792 503 937 561 vetustus
947 477 971 514 ¹⁸
991 491 1128 564 utilior:

10 654 12 661 .
65 604 230 692 usumque
243 598 314 692 jam
326 610 377 666 est
387 595 476 690 apud
489 595 649 689 quosdam
664 593 935 691 provincialium,
949 598 1124 673 intantum

62 704 247 777 abundante
265 701 385 799 geniali
399 702 423 740 ¹⁹
440 704 537 798 eopia
553 701 738 797 pecudum,
753 701 867 774 farine
884 704 956 774 vice
966 702 991 728 ²⁰
1009 706 1126 778 cribris

61 811 270 909 super-injici,
296 809 415 879 foetore
449 824 670 905 aspectuque,
705 811 865 904 temporis
894 809 1063 898 viribus²¹,
1092 814 1127 881 iu

59 917 234 1015 quemdum
256 917 355 986 etiam
376 917 516 1010 gratiam
535 929 675 986 mutato.
692 917 811 1010 Nuper
829 931 1020 1010 repertum,
1037 916 1127 988 oleas

59 1024 202 1122 gaudere
229 1023 373 1092 maxime
397 1024 508 1092 cinere
542 1047 561 1089 e
595 1020 775 1091 calcariis²²
794 1021 993 1093 fornacibus.
1016 1025 1161 1098 variat

59 1131 232 1228 praeceptie
243 1119 276 1197 ²³,
288 1128 418 1222 adjicit,
431 1131 570 1222 equino,
588 1127 678 1221 quod
696 1129 739 1198 sit
755 1125 978 1211 levissimum,
1000 1145 1128 1224 segetes

60 1237 192 1308 alendos
221 1260 229 1304 :
257 1248 354 1331 pratu
378 1260 459 1304 vero
482 1235 653 1329 graviore,
677 1248 711 1303 et
728 1234 820 1329 quod
838 1260 880 1304 ex
900 1235 1029 1306 hordeo
1050 1235 1129 1322 fiet,

61 1343 248 1438 mutusque
271 1343 386 1437 gignat
404 1341 536 1412 herbas.
545 1338 692 1430 Quidum
705 1341 804 1409 etiam
824 1339 1130 1436 bubulojumeuto·

61 1441 166 1520 rum²⁴
197 1448 400 1544 proferunt,
425 1445 627 1542 ovillumque
659 1447 797 1542 caprino
808 1437 847 1533 ²⁵,
876 1447 1029 1517 omuibus
1051 1472 1133 1519 vero

61 1557 223 1626 asininum
229 1543 266 1636 ²⁶,
283 1555 439 1648 quoniam
453 1552 631 1622 lentissime
642 1551 816 1622 mandunt.
832 1555 861 1620 E
874 1555 1041 1623 contrario
1052 1578 1132 1623 usus

100 1765 145 1817 18.
163 1758 283 1810 Vetusta
302 1756 516 1810 intonuerint
534 1768 575 1810 ert
619 1771 692 1811 etum
705 1757 879 1830 olereuegere
893 1776 902 1811 r
914 1758 958 1812 eui
976 1759 1015 1812 rei
1028 1757 1133 1812 nieme·

64 1841 234 1895 vetustiorum
251 1836 327 1908 requi
344 1850 486 1909 precepta.
501 1838 574 1890 Cere
618 1836 751 1890 debitum·
776 1838 847 1890 Altis
872 1838 946 1909 gyrio
967 1838 1133 1910 obloqueebi·
1224 1846 1229 1871 ⁸

63 1920 128 1974 euim
136 1918 304 1973 deuteromio
313 1929 443 1970 vetustate
452 1917 572 1987 recipiet.
618 1935 678 1969 mue
689 1934 749 1979 eae,
762 1914 862 1970 deinde
874 1917 954 1971 etleir
964 1936 1016 1988 pro
1028 1918 1133 1989 megui-

64 2000 137 2055 Euiut
148 1995 572 2064 vero‚urreetecolum.11‚15=
619 1995 713 2050 tudine
735 1996 838 2050 urborir
859 1997 921 2069 plus
940 1997 1061 2050 miuutve
1082 1997 1133 2051 eir·

67 2081 199 2134 ·Stereur
212 2073 398 2147 omne,quod
417 2075 575 2147 tempestive
619 2073 820 2140 eumdrbirnur,
847 2075 893 2128 ted
913 2076 1024 2129 minima
1053 2077 1133 2129 orbor

64 2160 221 2231 repoeitum,
231 2174 302 2208 euno
313 2155 492 2226 requieverit,
505 2173 576 2225 rege·
619 2153 741 2207 modium
753 2155 877 2225 portulet.
896 2181 908 2203 ι
924 2157 1016 2208 Hirro.

65 2239 130 2292 tibur
145 2251 185 2291 eet
199 2235 485 2289 maximeutilemem
497 2245 525 2285 et
539 2233 578 2286 vi·
661 2234 706 2287 23.
723 2235 813 2288 Varro.
834 2236 875 2287 De
893 2237 933 2289 lle
951 2237 1027 2288 nort.
1040 2233 1089 2287 lib.
1103 2234 1132 2300 1,

65 2337 100 2372 ree
115 2316 207 2372 adbuc
220 2312 317 2368 solidae
328 2314 423 2380 babet,
441 2325 469 2367 et
482 2313 577 2367 herber
621 2333 678 2385 cup.
697 2314 733 2367 38
754 2333 761 2364 =
780 2341 790 2362 ι
808 2315 921 2369 Minime
935 2315 1036 2368 bonum
1056 2314 1133 2383 equi·

64 2416 111 2450 riou
123 2408 208 2450 crettt.
221 2395 331 2458 Quanto
345 2406 432 2447 eutem
447 2394 578 2447 vetustius
619 2412 700 2458 num,
710 2392 757 2447 κά
767 2394 795 2446 in
805 2406 905 2466 regerer
916 2413 923 2448 :
934 2395 961 2446 in
973 2405 1049 2464 prete
1059 2394 1132 2446 euim

65 2477 102 2534 tit.
120 2477 214 2530 minut
229 2471 356 2544 prodest,
376 2473 504 2544 quoniam
526 2472 577 2525 mi·
620 2472 662 2524 rel
672 2474 818 2544 optimum,
833 2485 863 2525 ut
873 2487 1027 2527 euterurum
1041 2473 1134 2526 veteri·

65 2575 108 2608 rue
127 2556 220 2609 valet:
235 2553 326 2624 itaque
343 2553 425 2623 protis
439 2570 518 2623 quem
536 2570 577 2604 re·
620 2571 732 2617 nerum,
754 2570 816 2624 qute
842 2552 945 2607 hordeo
972 2565 1130 2622 parcuntur,

65 2635 242 2687 eeutireimum
270 2629 350 2684 (lebet
381 2630 472 2702 injici,
502 2629 577 2702 quod
620 2630 693 2700 quod
708 2632 1021 2687 multumiucitherbrm.
1040 2657 1051 2678 ·
1068 2632 1101 2683 Η.

66 2715 123 2784 plue
135 2713 282 2766 herborum
296 2724 472 2782 progeneret,
488 2724 538 2764 eto.
561 2734 573 2759 υ
663 2718 707 2774 ²4·
730 2712 903 2765 lamentorum.
928 2713 966 2764 Ut
988 2712 1132 2782 equinum,

65 2794 128 2859 Qoae
141 2790 245 2846 Pellrd.
256 2791 305 2843 lib.
320 2790 457 2854 xxxm,
467 2787 503 2842 ele
514 2804 577 2843 eter-
621 2791 761 2844 mulinum.
775 2791 820 2845 Sic
833 2792 938 2846 Colum.
951 2792 972 2844 l.
984 2790 1028 2854 ll,
1043 2808 1067 2843 o.
1083 2790 1133 2854 rb,

65 2872 190 2945 quilinio,
213 2869 323 2923 totidem
343 2871 400 2923 lere
419 2870 508 2924 verbio
529 2889 577 2922 ex·
624 2889 652 2940 p.
670 2869 827 2940 71.flmn.

66 2952 174 3025 suipeit.
188 2949 278 3002 nim.
662 2948 709 3003 25.
728 2950 879 3020 Ovillranque
891 2951 998 3019 caprino.
1014 2944 1133 3012 Suillurt,

105 3050 149 3100 19.
163 3028 273 3084 Geniali.
288 3026 421 3081 Fecunda.
438 3029 530 3081 lituu.
619 3047 674 3080 nou
686 3031 783 3081 ovillum
796 3030 904 3100 proefert
914 3039 1033 3080 nostrum
1044 3044 1133 3078 exem·

104 3130 149 3165 ιο.
158 3109 261 3162 Furium
270 3111 325 3158 viee
333 3108 419 3160 cribris
431 3111 577 3178 superinji'ci'.
622 3109 692 3179 pler.
705 3109 785 3162 Pur.

68 3193 96 3244 lu
112 3187 226 3242 modurn
244 3187 336 3241 tuine
348 3186 438 3239 cribro
453 3188 523 3258 egris
537 3206 579 3239 eu·
664 3192 709 3242 26.
730 3189 848 3242 Omnibus
862 3206 920 3238 vero
935 3189 1061 3238 asininum
1079 3187 1131 3238 De·

66 3269 196 3341 per-injici.
210 3267 299 3321 nim.
621 3265 733 3321 sideruri
743 3269 788 3322 hic
799 3281 865 3338 puto
876 3267 988 3318 verbum
1000 3266 1068 3328 hoe,
1083 3266 1133 3320 Co·

104 3367 152 3402 ιι.
164 3350 288 3418 Temporis
295 3344 397 3399 viribus.
407 3345 464 3399 MS.
475 3345 576 3398 vicibus.
622 3348 735 3412 lomello,
756 3360 786 3400 ut
806 3358 910 3418 repetes
935 3347 1048 3399 verbum
1070 3357 1131 3399 unte

67 3430 116 3482 Eo.
128 3461 170 3471 —
185 3429 309 3497 Tarporis
320 3426 421 3477 uiribur.
432 3426 578 3497 Progreteu
621 3423 724 3478 (lictum
733 3466 741 3492 ,
750 3426 997 3497 prasen:aequitur
1007 3425 1078 3478 enim
1092 3442 1135 3478 «e

68 3507 194 3580 temporie
204 3525 237 3560 ee
253 3516 391 3559 vetustate.
405 3505 498 3556 itinn.
622 3507 754 3558 contrtrio
771 3524 834 3559 usur
851 3503 976 3560 adrerum
991 3517 1134 3577 utrumque

105 3606 152 3640 n.
171 3586 247 3640 oum
264 3584 371 3655 gaudere
387 3585 489 3634 maxime
502 3586 580 3636 cinere
622 3586 793 3656 pronunciet.
812 3613 823 3634 ι
838 3588 870 3638 In
885 3586 982 3656 quibue
997 3585 1086 3637 verbio
1100 3584 1134 3636 il-

68 3689 79 3718 e
101 3666 229 3729 uiuariis,
255 3677 305 3716 ete.
328 3663 401 3728 Quin
427 3674 456 3714 et
478 3664 578 3717 calcem
622 3664 671 3717 lud
686 3678 810 3739 utrumque
821 3685 877 3718 non
890 3666 1001 3718 haberet
1019 3675 1073 3736 quo
1090 3680 1134 3716 re·

68 3747 148 3817 iprum
166 3743 199 3799 ed
218 3741 420 3797 ementiendum
439 3754 517 3796 terrie
537 3744 578 3796 vi·
624 3746 807 3809 ferretuuniri
819 3744 982 3799 hieudderet
990 3743 1133 3798 Columella.

69 3827 147 3892 uum,
166 3825 195 3878 iu
217 3841 270 3896 qm
291 3824 349 3877 olea
368 3822 481 3889 seritur,
499 3823 580 3876 Colu·
624 3826 736 3879 Profert
759 3839 848 3880 autem
871 3825 1018 3878 Columella
1035 3838 1135 3876 rterour

70 3904 143 3958 melle
169 3901 299 3969 adhibet,
325 3903 373 3956 lib.
400 3903 436 3968 V,
458 3921 516 3974 cup.
539 3920 581 3972 9:
626 3905 759 3959 asininum
776 3906 875 3959 ceteris
892 3905 1087 3974 omnibusque
1102 3919 1134 3955 ex

70 3985 174 4039 «Solent
185 3982 381 4053 etiamiuquit,
391 3982 457 4036 vitio
466 3982 515 4037 roli
524 3982 579 4036 tru-
625 3983 772 4056 pecudibus
788 3985 871 4052 liunt,
886 3984 905 4036 l.
916 3985 959 4044 11,
971 4002 995 4037 e.
1010 3983 1053 4036 rb.
1065 3982 1136 4035 Du..
