2670 4808
454 370 615 438 LIBER
641 358 788 439 XVII(
1090 373 1138 447 23

57 511 230 568 'consensu
249 496 413 567 laudetur.
429 501 474 569 Et
491 501 526 568 in
541 499 694 596 frugibus
709 500 845 596 quidem
864 502 1009 572 ferendis
1022 505 1138 575 eadem
1162 533 1191 568 ι,

70 620 154 677 terra
163 603 280 674 utilior
294 603 498 700 intelligitur,
515 609 644 700 quoties
656 608 841 678 intermissa
855 607 986 678 cultum
997 612 1138 704 quievit:

69 711 155 807 quod
173 713 211 780 iu
232 712 334 781 vineis
353 736 423 781 nou
440 705 497 782 lit:
518 737 624 808 eoque
637 713 826 809 diligentius
844 712 995 809 eligenda
1009 717 1085 803 est,
1096 742 1139 787 ne

69 842 144 886 vera
161 818 299 888 exsistat
313 819 426 913 opinio
440 833 557 888 eorum
568 805 605 906 ³⁶,
616 821 675 914 qui
687 821 758 914 jam
772 819 875 890 ltaliae
888 835 1012 892 terrem
1031 824 1139 893 existi·

32 942 35 951 ·
68 947 200 994 inurere
210 923 340 997 lassum.
359 927 480 1020 Operis
493 926 626 1020 quidem
637 925 661 997 3⁷
677 925 817 999 facultas
828 929 862 995 in
877 926 949 998 aliis
963 929 1139 1023 generibus

68 1045 199 1100 constat
214 1045 250 1100 et
262 1030 359 1101 caelo:
371 1056 433 1101 nee
448 1046 559 1127 potest
571 1034 658 1102 amri
673 1048 750 1128 post
763 1035 885 1103 imbres
900 1033 1030 1128 ulique,
1043 1035 1139 1116 uber·

69 1138 142 1206 tatis
156 1121 269 1207 vitio'⁸
284 1135 477 1208 lentescens.
500 1142 644 1227 Contra,
666 1141 700 1208 in
724 1141 862 1234 Byzacio
871 1139 896 1180 ²⁹
908 1140 1029 1210 Africae
1045 1140 1137 1211 illurn

69 1357 207 1409 combuste
219 1356 345 1427 proxime
359 1357 401 1411 eit.
414 1357 472 1410 Nec
483 1355 513 1409 id
526 1357 582 1410 ior·
624 1357 719 1422 lerini,
730 1357 875 1428 fultumque
888 1359 1047 1413 sententium
1062 1376 1140 1429 repu-

68 1435 133 1489 sitsn
146 1434 583 1508 persesgit,sedquodnrnrnodo
624 1435 769 1499 dieverim,
796 1438 963 1491 censentium
985 1438 1065 1510 longo
1090 1436 1138 1491 evi

69 1533 116 1585 per
129 1527 281 1568 eventum:
301 1514 410 1586 impluit
429 1515 501 1568 enim
517 1514 583 1570 locis
624 1517 693 1581 situ,
711 1514 839 1588 longique
849 1516 904 1588 jum
918 1517 1046 1588 temporis
1061 1535 1138 1569 exer·
1176 1538 1183 1557 i

69 1595 115 1647 ubi
139 1594 300 1648 constiterit.
328 1595 437 1667 Quippe
465 1595 582 1649 materie
625 1596 751 1651 citatione
766 1595 900 1667 lstigstnm
918 1608 946 1649 et
962 1594 1068 1649 effetum
1087 1595 1138 1648 hu-

69 1675 214 1727 combustae
234 1672 369 1728 admixtus
384 1676 486 1728 burnor
504 1692 584 1746 rspo-
625 1694 700 1730 mnm
720 1675 900 1730 consenuisse.
916 1676 973 1729 Nec
988 1687 1015 1728 te
1027 1676 1136 1746 ignoro,

70 1772 124 1807 rem
137 1752 282 1826 quemdum
295 1754 459 1827 odoremque
467 1754 580 1818 excitet,
624 1775 707 1828 quum
718 1768 744 1810 ct
753 1756 866 1808 aliorum
877 1755 1020 1808 illustrium
1028 1754 1139 1826 scripto·

60 1851 155 1904 meque
169 1833 330 1906 enimsqne
342 1835 458 1886 multum
472 1833 581 1889 descen·
623 1855 700 1897 rum,
717 1847 774 1888 turn
792 1833 1075 1906 precipneTremellii
1089 1851 1137 1886 su·
1229 1834 1236 1852 ⁶

69 1912 120 1977 dt,
137 1909 185 1965 sed
203 1931 298 1984 megnu
318 1926 394 1985 perte
415 1925 496 1984 gutte
515 1914 583 1967 irro-
623 1916 772 1970 ctoritatesn
783 1913 969 1985 revereri,qui
979 1931 1064 1983 quum
1077 1913 1136 1984 plu·

69 1992 191 2056 renuite
204 2005 235 2045 ut
251 1991 582 2065 celiditstissiccitntisque
623 1996 692 2050 rimu
714 1995 875 2048 rusticorum
893 2012 983 2046 rerum
1005 2003 1137 2063 precepta
1209 1990 1213 1995 ’

71 2069 166 2124 modus
178 2091 233 2124 non
247 2070 323 2126 desit.
335 2098 346 2119 ι
364 2073 429 2125 Hinc
441 2073 580 2145 Theopbr.
624 2075 703 2129 simrss
720 2075 855 2144 eleganter
874 2085 901 2124 et
920 2073 984 2124 scite
1005 2071 1137 2125 memoriae

70 2150 253 2206 Patrocinntur
264 2150 344 2205 etism
359 2151 518 2206 comestioni
534 2171 583 2205 no·
624 2150 790 2224 prodiderit,
802 2149 924 2204 videlieet
937 2150 1040 2203 illectus
1052 2150 1137 2202 nimio

71 2243 128 2283 strue
137 2232 251 2286 Aristot.
261 2229 419 2284 duodecima
428 2233 582 2284 Probleme·
625 2234 716 2286 isvore
728 2231 889 2303 priscorum,
909 2229 942 2282 de
957 2229 1039 2283 simili
1054 2243 1136 2283 mate-

72 2322 127 2364 unn
141 2323 204 2364 sect.
217 2317 250 2374 4,
268 2324 359 2381 quest.
371 2311 406 2365 3:
425 2336 436 2357 ι
446 2312 584 2378 Provenit,
624 2315 664 2366 ris
676 2311 877 2376 disserentium,
888 2310 953 2363 lslso
963 2307 1078 2363 credidit
1089 2328 1136 2380 ps·

71 2389 178 2461 inquit,
196 2388 289 2443 odoris
310 2391 355 2443 ille
377 2390 504 2454 effeetus,
525 2410 580 2444 non
623 2405 726 2444 rentem
742 2391 864 2442 omnium
874 2404 987 2454 terrem,
997 2389 1066 2442 sicut
1080 2408 1138 2442 mn·

70 2470 581 2541 qualitercumqnesemateriesbsbest,
623 2472 735 2526 liebrem
759 2488 868 2535 sexum,
895 2481 971 2521 sstnte
993 2469 1059 2521 anili
1083 2470 1137 2540 jam

70 2568 156 2620 neque
177 2550 250 2602 enirn
274 2549 303 2601 in
327 2549 422 2615 viridi,
441 2567 528 2621 neque
553 2551 581 2602 in
624 2552 788 2612 conlectum,
804 2547 1014 2620 progenerandis
1028 2567 1084 2601 esse
1099 2547 1137 2600 fe-

70 2627 214 2693 eridmed
225 2629 254 2681 in
269 2640 326 2682 uste
341 2641 402 2700 post
412 2647 507 2700 uquam
523 2648 582 2701 quae
624 2633 696 2684 tibus
713 2630 874 2693 inhabilem,
895 2641 946 2682 etc.
960 2656 971 2674 ·
989 2630 1029 2680 De
1048 2627 1137 2681 Scrofa

70 2708 141 2762 ercni
165 2708 363 2778 supervenerit,
382 2722 481 2762 certam
505 2708 582 2762 reddi
624 2709 769 2763 Tremellio
780 2709 881 2780 egimus
895 2708 1083 2760 inAuctorum
1095 2709 1138 2759 In·

70 2788 226 2842 suavitatem
249 2787 340 2842 odoris
364 2801 482 2861 pastores
513 2792 582 2842 rele-
627 2789 695 2844 dice.
710 2791 800 2841 Hsnn.

71 2879 141 2922 runt.
153 2893 165 2914 ι
182 2869 483 2921 Ptnr.-Vcteresilt¹a.
494 2871 582 2935 Quum
668 2888 715 2939 η.
728 2869 816 2939 Operis
830 2867 933 2940 quidem.
953 2864 1054 2919 nsandi
1074 2884 1137 2935 pro·

72 2948 238 3017 potissimum
262 2948 392 3019 Virgilius
415 2948 523 3014 laudat,
554 2961 583 3001 ut
625 2947 763 3020 scindique
780 2947 829 3000 soli
846 2947 957 3000 facilites
970 2947 997 2998 in
1012 2945 1069 2997 eliis
1084 2957 1138 2997 ter·

72 3027 189 3080 diximus
203 3028 284 3098 puulo
299 3041 391 3094 antea,
409 3053 420 3076 ι
435 3027 515 3081 Unde
531 3029 582 3082 iru-
626 3048 716 3082 rerum
728 3027 868 3098 generibus
881 3046 896 3078 c
909 3027 974 3079 culo
987 3022 1138 3096 pendetll.

73 3120 111 3159 tus
128 3107 224 3160 silvam
245 3105 353 3161 devexit
370 3120 469 3171 arctor,
487 3109 522 3161 Et
535 3126 582 3161 ne·
669 3112 713 3162 sil.
728 3109 850 3161 libertatis
857 3109 928 3158 nitio.
944 3105 988 3157 Ob
1002 3104 1138 3174 pinguitu-

72 3205 145 3239 mors
158 3185 270 3250 evertit,
285 3198 336 3240 etc.
346 3213 358 3234 ι
370 3187 463 3240 Hinn.
626 3187 795 3258 (lineumque
807 3187 955 3238 ubertatem
967 3184 1041 3244 fucit,
1054 3201 1138 3254 quum

112 3270 159 3320 26.
176 3267 268 3336 Opinio
280 3279 435 3330 eorum,etc.
443 3267 584 3338 Etiamque
626 3286 735 3320 vomere
758 3263 905 3328 scinditur,
933 3263 1070 3328 lentescit,
1089 3281 1139 3315 nec

72 3345 210 3397 Tremellii
220 3347 319 3399 Scrofse
330 3347 508 3418 eliorumque,
519 3366 585 3418 quos
627 3347 739 3399 friabilis
752 3359 806 3409 est,
820 3344 991 3415 solubilisque
1006 3344 1034 3396 in
1049 3344 1141 3412 pulve-

72 3424 222 3478 Columella
241 3426 371 3496 appellnt3
389 3428 464 3498 cujus
482 3427 584 3496 perele-
629 3445 695 3479 rem.
709 3426 800 3478 Hisn.

72 3523 134 3573 gans
146 3503 181 3556 de
196 3506 248 3556 hoc
261 3518 418 3576 argumento
430 3506 515 3558 oratio
526 3518 582 3568 est,
672 3525 717 3573 29.
735 3507 766 3557 In
781 3504 899 3577 Ityzacto.
911 3505 951 3557 De
967 3523 1000 3556 eo
1010 3505 1064 3574 jum
1073 3500 1141 3554 disi·

74 3596 129 3636 tum
144 3584 174 3636 in
191 3585 268 3656 pres.
284 3587 388 3653 operis,
405 3598 461 3637 tum
478 3585 526 3636 lib.
544 3586 584 3650 tl,
629 3604 687 3637 mus
699 3586 745 3637 lib.
759 3585 792 3647 V,
808 3604 865 3654 cup.
880 3583 914 3650 33
937 3582 983 3636 sed
1000 3583 1038 3635 ibi
1051 3594 1140 3634 oente-

73 3682 130 3733 cup.
148 3682 178 3716 r:
200 3665 344 3730 «Quaeris,
364 3664 466 3736 inquit,
480 3683 513 3717 ex
525 3683 585 3730 me,
628 3665 693 3717 sime
717 3676 819 3717 tantum
841 3664 916 3734 fruge
935 3662 1046 3716 reddere
1065 3662 1140 3713 fenus

76 3742 152 3796 Publi
175 3743 294 3808 Silvine,
311 3763 376 3809 cur,
401 3744 491 3816 priore
514 3744 584 3797 libro
629 3757 698 3798 terra
720 3743 818 3797 dicitur
838 3744 908 3796 forte
928 3740 1071 3804 mendose,
1090 3759 1141 3810 pro

77 3823 204 3876 Veterum
232 3824 387 3894 opinionem
414 3825 498 3877 ferme
525 3842 585 3875 oru-
630 3839 739 3877 centens
763 3823 957 3895 quinquagena.
980 3822 1072 3886 Quum
1093 3821 1141 3872 lib.

77 3902 215 3974 nium,qui
227 3902 262 3955 de
275 3905 352 3957 cultu
363 3923 488 3975 agrorum
500 3904 585 3957 locuti
630 3904 868 3972 xvt11‚cap.21,
887 3922 922 3954 «e
937 3900 1044 3964 modio,
1061 3913 1091 3952 ut
1107 3901 1143 3952 uit

79 3994 148 4048 sunt,
168 4000 183 4034 s
201 3983 336 4054 principio
352 3985 489 4037 00an
505 4003 584 4053 repu·
631 3984 704 4054 ipse,
724 3985 752 4036 in
777 3983 888 4054 Bymcio
913 3981 1008 4034 Africa
1030 3998 1144 4051 campo,
