2670 4808
427 366 587 434 stara
614 368 743 434 xvir.
901 352 906 362 '
1073 374 1120 467 47

65 502 154 587 saria,
167 525 239 570 non
254 497 427 594 perflatu¹⁹
443 499 545 570 modo
560 498 664 583 utilis,
678 523 795 569 verum
808 515 841 569 et
858 516 994 596 aspectu
1009 519 1124 597 grata,

61 632 185 702 «proquo
203 606 305 675 modo
316 601 341 630 ²⁰
356 607 526 692 intueare,
541 608 576 675 in
591 606 741 675 ordinem
758 631 793 676 se
811 606 1001 702 porrigente
1015 634 1123 679 versu.

59 712 215 809 Populis²¹
230 712 345 782 eadem
366 713 450 782 ratio
465 714 607 801 semine,
627 737 691 807 qua
713 712 822 783 ulmos
842 715 994 784 serendi:
1017 730 1123 786 trans·

58 820 178 890 serendi
194 843 328 915 quoque
351 845 370 888 e
389 821 574 888 seminariis
597 820 712 889 eadem
729 835 764 888 et
783 819 884 890 silvis.

99 929 198 996 xvt.
220 928 309 996 Ante
320 926 432 994 omnia
451 927 551 1021 igitur
569 927 603 994 in
616 925 775 996 similem¹
796 927 969 998 transferri
983 942 1125 1017 terram,
1146 957 1157 989 1

55 1049 104 1103 aut
125 1031 301 1103 meliorem
321 1046 464 1126 oportet.
491 1035 564 1103 Nec
585 1056 604 1100 e
626 1031 760 1126 tepidis²
786 1048 845 1103 aut
864 1022 1070 1129 praeocibus
1091 1037 1125 1104 in

55 1140 189 1235 frigidos
207 1153 267 1208 aut
282 1139 445 1208 serotinos
459 1139 560 1225 situs,
585 1153 621 1206 ut
640 1163 747 1233 neque
763 1163 804 1207 ex
818 1139 870 1208 his
885 1142 919 1209 in
934 1139 1018 1209 illos.
1037 1144 1126 1211 Prae·

55 1247 163 1316 fodere
188 1245 324 1315 scrobes
348 1258 425 1313 ante
443 1232 489 1336 (si
510 1244 582 1313 fieri
606 1234 741 1339 posset)
769 1259 863 1318 tanto
886 1249 994 1341 prius,
1017 1247 1125 1318 donec

54 1355 165 1447 pingui
186 1352 311 1447 cespite
333 1350 555 1420 obducantur.
574 1354 677 1446 Mago
700 1366 777 1420 ante
794 1338 939 1422 annum³
953 1354 1069 1446 jubet,
1087 1369 1126 1423 ut

55 1457 152 1540 solem
179 1456 376 1553 pluviasque
400 1457 594 1528 combibant
616 1484 624 1525 :
646 1472 705 1526 aut
724 1459 749 1526 si
777 1457 812 1526 id
833 1458 980 1529 conditio
1008 1459 1126 1555 largita

55 1590 116 1635 non
136 1567 202 1647 sit,
220 1566 313 1659 ignes
335 1565 369 1632 in
392 1563 502 1633 medio
523 1563 596 1633 lieri
613 1578 690 1632 ante
712 1588 841 1632 menses
862 1564 964 1649 duos,
983 1590 1045 1635 nec
1064 1569 1126 1635 nisi

56 1686 125 1766 post
146 1671 273 1741 imbres
294 1671 329 1739 in
347 1670 400 1739 his
420 1672 495 1740 seri.
515 1668 732 1739 Altitudinem
755 1695 872 1740 eorum
897 1672 931 1739 in
953 1670 1126 1767 argilloso,

56 1793 107 1847 sut
119 1778 208 1847 duro
220 1775 311 1863 solo,
327 1777 427 1846 trium
443 1777 633 1847 cubitorum
648 1802 720 1846 esse
735 1778 769 1846 in
783 1765 965 1872 quamque⁴
977 1794 1124 1874 partem:
1145 1805 1160 1837 ²

57 1947 148 2001 nendis
168 1947 328 2012 arboribus,
340 1948 375 2000 ab
394 1946 510 2018 antiquis
527 1946 566 1999 rei
613 1944 738 2016 Georgia.
760 1945 805 2010 11,
821 1964 887 1998 vers.
911 1946 983 2011 255,
998 1959 1025 2000 et
1038 1947 1127 2021 Geop.

58 2028 155 2082 rustica
180 2026 321 2098 magistris.
336 2028 379 2079 En
393 2027 519 2096 deliquia.
613 2027 691 2078 Aust.
706 2026 747 2086 11,
767 2028 819 2088 46,
829 2044 857 2095 p.
870 2026 916 2077 81.
935 2026 1026 2078 Henn.

243 2109 382 2178 Quintum.
618 2147 620 2151 .
656 2123 681 2157 a.
698 2105 876 2173 Necaetcps'dis.
888 2105 937 2156 Uti
952 2106 1007 2157 lere
1021 2125 1128 2178 «neque

59 2208 71 2239 ο
147 2207 166 2242 ο
247 2205 265 2239 ο
351 2205 368 2238 ο
450 2205 467 2237 ο
552 2205 569 2235 ο
613 2183 716 2235 homini
731 2201 762 2236 ex
778 2182 875 2236 salubri
886 2183 946 2236 loco
963 2185 1127 2253 ingrersus,

98 2289 116 2321 0
195 2286 215 2320 0
295 2287 312 2317 ο
399 2286 417 2317 ο
504 2284 522 2314 ο
614 2281 702 2334 neque
716 2263 790 2334 gravi
811 2262 839 2314 in
853 2263 986 2316 salubrem
1001 2267 1129 2320 transitus

59 2366 73 2399 ο
149 2367 167 2400 ο
251 2363 269 2397 ο
353 2365 370 2396 ο
451 2364 469 2397 ο
550 2363 567 2396 ο
613 2342 1027 2414 satistutusest,»inquitCele.
1041 2345 1128 2413 lib.1,

99 2449 117 2480 ο
198 2447 216 2477 ο
296 2443 314 2477 ο
403 2445 420 2475 ο
501 2444 518 2476 ο
613 2422 820 2494 epatisen.

59 2527 72 2558 o
148 2526 167 2559 ο
254 2524 273 2556 ο
353 2524 370 2556 ο
454 2523 471 2555 ο
551 2522 568 2555 ο
654 2504 681 2555 3.
696 2504 842 2571 Magoante
859 2522 957 2556 annum.
971 2504 1006 2557 Et
1018 2504 1125 2559 Colum.

96 2605 141 2655 19.
152 2586 213 2639 Non
225 2585 340 2654 perflata.
356 2584 508 2636 Ventorum
523 2582 570 2636 fla·
613 2582 661 2634 lib.
673 2583 710 2646 V,
720 2600 744 2634 e.
762 2600 810 2643 ιο,
822 2595 849 2635 et
857 2582 905 2635 lib.
916 2581 951 2635 de
964 2585 1127 2648 Arboribus,

59 2668 92 2719 tui
105 2661 275 2719 admittendo
287 2665 383 2734 aptior.
396 2664 488 2717 Hann.
613 2680 671 2731 cap.
691 2679 740 2729 19:
751 2684 762 2704 ·
772 2662 844 2715 Ante
859 2680 976 2727 annum,
990 2683 1069 2734 quam
1081 2685 1129 2736 po·

95 2766 137 2799 ao.
155 2746 261 2816 Quoquo
274 2745 353 2796 modo.
371 2743 415 2795 Sic
436 2760 469 2795 ex
489 2742 568 2795 MSS.
613 2741 697 2794 maria
710 2741 853 2812 disponere
868 2742 949 2803 velis,
962 2745 1068 2797 serobes
1091 2746 1129 2798 lo·

57 2824 159 2880 emend.
181 2822 264 2877 Hasd.
283 2841 356 2876 cons.
371 2823 429 2875 MS.
443 2835 469 2874 et
478 2822 569 2875 chiffl.
615 2821 688 2874 dito:
699 2821 736 2873 ita
743 2822 799 2873 sole
807 2822 951 2894 pluviaque
960 2825 1130 2876 macerabun-

57 2906 137 2959 Gron.
149 2917 179 2958 et
189 2905 231 2956 At.
248 2923 400 2973 quormque.
418 2904 470 2956 En.
615 2915 677 2955 tur:
689 2914 716 2954 et
738 2900 812 2973 quod
826 2902 960 2971 posueris,
982 2903 1036 2955 cito
1055 2921 1130 2956 com·

92 3004 137 3039 nr.
153 2985 257 3055 Populis
270 2983 361 3035 eadem.
382 2983 462 3034 Forte
482 2982 571 3051 legen·
615 2980 773 3051 prehendet.
784 2980 836 3033 Sed
845 2982 928 3052 siquo
939 3000 1011 3034 anno
1022 2985 1129 3036 scrobes

57 3063 117 3119 dum
134 3065 243 3135 Opulr's,
261 3081 293 3116 ex
305 3062 447 3117 Columell.
462 3061 509 3113 lib.
528 3061 570 3126 V,
615 3060 721 3123 leceris,
734 3061 813 3113 etism
823 3061 922 3113 semina
934 3079 1035 3130 ponere
1047 3063 1131 3129 voles,

57 3163 110 3218 esp,
131 3146 159 3198 5.
179 3144 277 3216 Populi
293 3143 366 3195 enim
383 3154 430 3194 ant
449 3141 570 3206 nullum,
614 3140 755 3192 minimum
766 3153 826 3193 ante
837 3138 905 3192 duos
915 3158 1032 3203 menses,
1043 3140 1130 3196 fodito

57 3239 98 3279 ant
111 3225 249 3278 rarissime
264 3240 353 3276 semen
367 3221 465 3274 ferunt.
477 3221 570 3272 Vitem
614 3221 731 3284 scrobes,
739 3232 828 3289 postea
840 3219 991 3272 stramentis
1002 3239 1048 3274 eos
1055 3240 1129 3276 com·

56 3325 116 3358 vero
129 3305 245 3357 maxime
258 3295 359 3373 opulus
365 3301 474 3353 ridetur
482 3300 571 3363 alere,
614 3301 688 3371 pleto
701 3312 728 3351 et
740 3298 887 3351 incendito.
900 3325 911 3344 ι
928 3296 1021 3354 utun.

56 3384 151 3438 deinde
166 3385 269 3447 ulmus,
279 3394 341 3453 post
355 3381 433 3435 etiam
444 3379 570 3444 fraxinus,
657 3386 684 3443 4.
706 3380 789 3430 Trium
802 3378 934 3431 cubitorum
947 3399 996 3431 esre
1009 3386 1035 3434 in
1046 3403 1131 3454 quam·

55 3465 142 3536 inquit
154 3464 265 3518 Colum.
280 3463 374 3515 Hann.
615 3479 661 3529 qne
671 3472 774 3528 partem.
789 3459 828 3511 Ita
842 3458 951 3530 quidem
965 3460 1028 3514 libri
1038 3482 1131 3516 omnes

92 3546 172 3598 xvt.
183 3562 208 3597 r.
217 3542 285 3595 Ante
295 3545 374 3595 omnia
384 3543 460 3610 ἱρέων
471 3542 496 3590 in
504 3542 571 3590 rimi·
616 3539 707 3610 scripti
719 3551 745 3592 et
759 3536 834 3591 editi.
847 3539 964 3592 Videtur
977 3551 1083 3606 tamen,
1099 3557 1131 3596 nt

56 3625 108 3678 lm,
119 3623 302 3694 Theophrast.
322 3621 390 3674 Hist.
405 3621 422 3672 l.
437 3620 480 3684 11,
496 3637 521 3672 c.
535 3638 571 3688 7:
616 3619 732 3689 conjecit
744 3617 865 3672 eruditus
877 3620 1017 3687 Petavius,
1040 3641 1130 3675 emen-

57 3707 96 3756 Δεῖ
119 3703 153 3756 τὰ
169 3702 236 3773 perir
251 3698 404 3771 λαμὸάνειν,
425 3699 529 3769 inquit,
547 3699 572 3760 ἐξ
616 3697 754 3751 dandum:
776 3726 787 3745 ι
797 3698 974 3753 ΑΙιίωάἰοοιιι
987 3720 1081 3754 eorum
1101 3704 1130 3754 in

57 3786 139 3854 ὁμοίας
155 3788 204 3856 γῆς
217 3784 251 3843 εἰς
263 3785 291 3840 ἣν
309 3783 403 3850 pitane
414 3780 539 3850 paredus,
556 3779 572 3834 a
617 3778 758 3848 argilloso,
769 3791 814 3832 aut
828 3778 898 3832 duro
912 3780 985 3843 solo,
996 3781 1077 3834 trium
1087 3799 1132 3833 cu·

58 3868 82 3916 nl
94 3866 213 3935 χιίρονος.
230 3863 333 3915 Dieuc.
344 3892 384 3904 -
401 3862 469 3912 Ante
483 3860 572 3909 omnia.
617 3859 752 3923 bitorum,
766 3871 792 3911 et
801 3856 917 3912 duorum
930 3859 1031 3929 pedum
1044 3861 1132 3912 latita·

57 3944 198 3997 Columell.
216 3942 265 3995 lib.
279 3941 313 3995 de
330 3941 428 3994 Arbor.
450 3958 509 4010 esp.
523 3957 574 4004 ao,
620 3936 709 3991 dinem
724 3957 781 3991 esse
797 3939 825 3991 in
844 3957 979 4010 quamque
994 3953 1105 4009 partem.
1118 3966 1129 3986 ι.

57 4037 82 4076 et
98 4025 145 4078 lib.
161 4025 284 4094 lll,cap.
295 4020 575 4093 9.Virgiliusquoque
620 4018 704 4072 Aliter
718 4019 778 4088 quis
801 4019 930 4087 intelliget
950 4019 1064 4074 fossuras
1076 4018 1134 4073 illas
