2670 4808
145 370 169 442 6
288 335 291 340 ’
421 374 460 441 c.
486 372 653 451 ruitur
677 373 786 444 aar.
813 375 944 449 uisu.

146 495 326 582 falluntur,
344 521 449 591 quum
464 498 500 566 in
512 498 616 568 vineis
631 497 831 593 pedamenta
848 523 917 568 nou
933 498 999 568 sint
1012 520 1031 566 a
1045 485 1165 569 vento³
1180 523 1222 570 eo

147 603 374 700 opponenda,
410 618 444 673 et
469 603 504 673 id
525 618 657 685 tautum
682 629 703 674 a
729 591 992 700 septemtrione⁴
1010 605 1221 677 servandum.

147 712 240 802 Quin
253 711 356 781 immo
364 710 694 806 tempestivafrigora
709 710 891 808 plurimum
900 711 1058 793 arborum
1073 711 1223 782 firmitati

147 816 341 905 coufemut,
372 832 406 887 et
431 818 479 887 sio
500 818 626 913 optime
647 820 864 914 germinant:
887 816 1054 913 alioquin,
1080 813 1108 889 s'i
1127 818 1221 888 blan-

147 923 282 994 diantur
308 924 441 1011 Austri,
466 923 716 1012 defatiscentes,
749 926 917 1020 armagis
944 925 1045 994 otiam
1072 925 1106 993 in
1127 925 1220 995 floro
1290 924 1293 932 ’

121 1127 123 1132 ¹
146 1033 236 1101 Nam
255 1031 283 1101 si
302 1056 407 1125 quum
429 1017 647 1117 defloruere⁵‚
672 1033 825 1128 protinus
850 1016 1056 1125 sequuntur⁶
1082 1031 1223 1119 imbres,

146 1137 181 1205 iu
205 1149 314 1206 totum
333 1160 433 1233 poma
460 1136 674 1233 depereunt:
703 1139 789 1208 adoo
815 1150 853 1207 ut
876 1131 1059 1232 amygdalae
1081 1151 1115 1209 et
1137 1139 1221 1232 piri,

146 1244 248 1312 etiam
260 1244 287 1313 si
300 1242 450 1313 omniuo⁷
461 1241 613 1313 nubilum
625 1243 705 1331 fuit,
717 1245 935 1314 Austriuusve
947 1242 1055 1330 flatus,
1067 1244 1224 1315 omittant

115 1376 129 1407 2
149 1349 246 1419 fetus.
270 1351 368 1420 Circa
387 1336 570 1445 Vergilias⁸
589 1351 723 1444 quidem
745 1348 860 1448 pluere
880 1350 1145 1420 inimicissimum
1164 1352 1223 1421 viti

149 1469 184 1525 et
205 1454 310 1526 oleae:
333 1456 489 1550 quoniam
515 1470 596 1528 tuno
614 1459 722 1529 coitus
739 1473 791 1528 est
807 1455 965 1527 earum⁹=
984 1455 1051 1526 hoc
1069 1471 1122 1533 est
1140 1454 1224 1527 illud

148 1562 363 1656 quatriduum
394 1560 476 1632 oleis
508 1562 749 1650 decretorium,
770 1565 826 1644 hic
858 1561 1018 1639 articulus
1044 1562 1224 1641 Austriuus

149 1666 254 1738 nubili
278 1669 413 1764 spurci,
431 1667 521 1762 quod
539 1668 720 1743 diximus¹⁰.
743 1674 868 1767 Fruges
888 1692 1022 1763 quoque
1039 1668 1133 1765 pejus
1152 1694 1222 1739 ma·

53 1767 58 1775 ’
149 1788 323 1844 turesount
345 1776 511 1844 Austrinis
530 1774 666 1863 diebus,
694 1777 753 1847 sed
773 1777 921 1849 celerius„
942 1773 1005 1845 llIa
1026 1790 1104 1845 sunt
1124 1778 1223 1846 noxia

149 1878 292 1974 frigora,
303 1904 377 1974 quae
389 1881 724 1977 septemtrionibus¹¹,
732 1898 791 1954 aut
804 1882 1015 1980 praeposteris
1024 1881 1111 1951 fiunt
1118 1882 1220 1961 horis.

149 1988 302 2057 Hiemem
316 1986 450 2081 quidem
464 1984 487 2012 ¹²
509 1986 720 2120 Auuiloniam
737 2015 824 2077 esse,
845 1987 1001 2059 omnibus
1018 1988 1097 2059 satis
1114 1987 1222 2060 utilit·

116 2115 131 2166 3
150 2093 280 2170 simum.
299 2093 429 2163 Imbres
450 2093 549 2164 vero¹
585 2109 666 2166 tunc
689 2096 864 2192 expetendi
880 2094 1015 2164 evidens
1033 2118 1134 2164 causa
1156 2110 1222 2182 est,

148 2200 307 2293 quoniam
340 2200 476 2270 arbores
507 2200 578 2271 fotu
602 2202 808 2291 exinanitus,
837 2217 872 2272 et
897 2200 1053 2272 foliorum
1089 2225 1223 2296 quoque

191 2409 253 2464 &A
262 2419 337 2461 vento
347 2429 384 2463 eo.
397 2406 530 2463 Adversus
540 2410 595 2462 vim
607 2413 663 2481 eim
705 2410 871 2475 defloruere,
886 2408 951 2461 tales
963 2405 1021 2460 diet
1037 2406 1146 2461 fuerint.
1159 2433 1170 2453 ·
1187 2400 1221 2461 II.

147 2488 230 2544 venti.
241 2489 335 2543 flam.
747 2493 776 2545 8.
790 2490 864 2545 Ca'rca
880 2486 1013 2556 Vargr'la'as.
1022 2485 1082 2539 IIoo
1093 2499 1146 2551 ut,
1154 2489 1222 2542 circa

164 2626 166 2631 ,
190 2574 218 2632 a.
235 2568 263 2622 A
282 2564 455 2639 septemtrion.
472 2570 560 2623 Varro
576 2567 610 2622 de
623 2571 663 2624 Ro
705 2588 797 2624 earum
813 2579 950 2629 exortum,
966 2565 1065 2637 dequo
1075 2565 1094 2619 1.
1106 2567 1221 2630 XVIII,

147 2649 223 2702 Iiuat.
244 2647 414 2718 lib.I,oap.
437 2650 663 2705 ²6:·Iuoruni
705 2649 934 2722 ausonam.

148 2727 226 2782 vinea
235 2726 380 2799 diligenter
390 2728 545 2792 observant,
559 2741 589 2783 ut
601 2723 664 2784 ridi·
747 2748 775 2798 9.
790 2729 875 2784 Coitus
884 2739 921 2781 est
932 2744 1022 2779 aarum.
1037 2726 1143 2779 Primus
1155 2743 1222 2780 con·

148 2825 180 2862 oa
191 2807 254 2862 vitia
260 2806 294 2861 ad
302 2809 521 2878 septemtrionem
531 2819 622 2863 verum
633 2809 664 2862 Ii-
706 2821 813 2880 coptus,
829 2807 863 2861 do
876 2826 931 2879 quo
946 2805 994 2860 lib.
1007 2807 1092 2871 XVI,
1104 2824 1162 2877 oap.
1173 2805 1222 2874 39,

148 2900 258 2959 gatar.»
278 2886 368 2941 Hanu.
706 2887 762 2949 tivo
777 2888 945 2958 germinatio.
961 2885 996 2939 Et
1009 2903 1069 2956 cap.
1088 2893 1123 2950 6²
1138 2903 1146 2937 ε
1161 2911 1174 2933 ι
1187 2888 1235 2947 At,

189 2965 217 3022 ⁵.
235 2967 302 3023 Noua
321 2969 430 3040 siquam
452 2969 592 3039 deflorare.
614 2970 663 3021 Est
706 2966 773 3022 vitot
785 2979 812 3021 et
827 2968 900 3020 olom.
910 3005 934 3020 ..
954 2965 1112 3036 oouuipiunt
1123 2966 1221 3035 Vergi-

148 3049 201 3101 hoo
210 3046 282 3119 apud
291 3047 431 3118 Theophr.
445 3047 480 3102 do
492 3049 571 3102 Caua.
582 3049 619 3106 11.
634 3047 661 3102 3.
705 3046 802 3101 liarum
825 3059 939 3100 exortu:
953 3046 1006 3099 hoo
1028 3043 1102 3098 uidua
1115 3044 1220 3098 illarum

102 3144 104 3148 ⁴
189 3129 217 3179 6.
232 3125 377 3198 Sequuntur.
400 3128 445 3182 Sio
461 3145 497 3180 ex
517 3128 595 3194 MSS.
609 3146 662 3180 em.
706 3127 881 3182 eat-Ham.

149 3203 234 3261 Hard.
249 3223 325 3261 oona.
335 3206 394 3261 MS.
408 3208 538 3274 AtGrou.
549 3219 577 3261 et
588 3208 662 3278 vulg.
749 3226 793 3265 ro.
816 3207 893 3278 Quod
903 3205 1016 3258 divimus.
1038 3202 1121 3256 Libro
1135 3204 1222 3270 XVI,

149 3297 285 3359 sequantur.
296 3286 350 3341 Eu.
705 3304 765 3357 unp,
780 3289 828 3350 to.
840 3287 881 3339 Do
895 3282 1042 3356 quatriduo
1056 3294 1143 3337 autem
1156 3285 1222 3338 oleis

190 3383 218 3437 7.
232 3366 354 3421 Etiamsi
368 3369 473 3419 omuino.
487 3366 515 3419 si
531 3366 663 3419 velnubi·
705 3365 856 3420 decretorio
871 3364 975 3419 dioetur
987 3363 1052 3417 libri
1064 3363 1147 3433 hujus
1161 3383 1220 3434 cap.

149 3447 206 3500 lum
220 3445 504 3521 fuerit,Austriuurve
519 3445 596 3500 flatua
607 3463 663 3498 :oe-
706 3446 751 3501 30.
766 3447 860 3499 Haau.

150 3543 217 3579 reno
237 3538 342 3581 tautum
355 3523 483 3596 gaudent.
498 3526 582 3579 Libro
602 3544 662 3596 aup.
749 3543 795 3579 rr.
808 3522 1221 3593 Septentrionibus.AbAquilone

149 3623 173 3659 o.
186 3609 223 3671 46
236 3623 243 3659 :
257 3631 269 3654 ι
277 3604 396 3663 Perdunt
402 3604 527 3659 facillime
538 3606 663 3670 fructum,
705 3607 926 3678 septemtrionem
938 3602 1050 3656 differre
1070 3621 1151 3673 supra
1162 3621 1221 3656 mo-

149 3697 210 3740 aute
223 3685 405 3755 maturitatem
418 3703 425 3737 :
439 3684 593 3756 amygdala,
607 3703 663 3739 ma·
705 3685 822 3741 uuimus.
836 3687 929 3738 Hauu.

148 3765 203 3833 lua,
215 3765 290 3834 pirna
292 3803 364 3818 .....
379 3763 458 3818 Pirur
468 3778 496 3818 et
510 3761 664 3837 amygdala,
750 3783 791 3818 11.
802 3766 911 3817 Hismem
925 3761 1028 3835 quidm.
1042 3760 1220 3832 Theophrurt.

148 3843 252 3899 etiamsi
268 3863 325 3898 non
339 3845 430 3914 pluat,
441 3842 487 3898 aed
498 3843 546 3899 fiat
556 3844 662 3899 Austri-
706 3844 742 3899 do
752 3846 831 3900 Caua.
844 3845 891 3897 lib.
902 3840 947 3911 11,
958 3861 984 3898 c.
1001 3858 1032 3903 1,
1045 3858 1073 3910 p.
1088 3841 1151 3894 131.
1165 3841 1200 3895 Η.

147 3925 663 3992 nummolum,autuubilum,amittuut
750 3923 792 3978 13.
815 3924 906 3976 Imbres
929 3942 996 3976 uero.
1020 3920 1220 3992 Theophrastus

148 4003 240 4068 floret,
254 4015 281 4058 ot
292 4004 395 4075 primoa
408 4005 528 4073 fructur,
540 4005 562 4061 ri
576 4023 661 4078 quum
707 4005 806 4058 iterum
819 4004 873 4059 loo.
884 4005 930 4059 cit.
946 4004 1036 4057 IIaau.
