2670 4808
225 347 273 415 28
491 348 531 416 C.
559 344 728 417 PLlNll
757 346 868 414 Nat.
896 343 1026 413 HIST.

223 475 363 546 humido
372 475 499 564 melior,
511 478 605 547 arido
615 478 755 573 pinguis.
769 461 994 571 Temperato²⁸
1008 473 1185 563 alterutra,
1198 491 1289 545 creta

223 581 274 652 vel
285 581 493 688 columbina,
508 587 673 654 convenit.

190 708 200 740 ¹
276 692 316 757 V.
348 681 430 776 (ιι.)
457 690 701 785 Transpadanis
722 685 858 759 cineris¹
887 711 966 756 usus
987 686 1072 757 adeo
1096 686 1223 782 placet,
1252 704 1290 758 ut

220 809 426 890 anteponant
438 796 518 865 limo
534 796 761 890 jumentorum
778 819 786 864 t
805 792 896 888 quod
908 793 985 888 quia
1002 791 1201 863 levissimum
1216 810 1288 878 est,

220 901 265 969 ob
286 901 319 970 id
340 917 492 971 exurunt.
514 905 668 997 Utroque
693 917 806 971 tamen
830 901 955 994 pariter
979 923 1046 968 nou
1077 913 1217 969 utuntur
1250 902 1285 969 iu

220 1005 336 1076 eodem
352 1031 450 1094 arvo,
465 1032 528 1077 nec
541 1009 576 1077 iu
591 1008 733 1077 arbustis
751 1008 880 1090 cinere,
899 1030 961 1075 nec
977 1005 1135 1100 quasdam
1151 1005 1195 1076 ad
1215 1005 1288 1077 tru-

220 1137 292 1206 ges,
305 1127 344 1182 ut
362 1113 505 1182 diximus
515 1111 535 1182 ².
551 1116 636 1183 Sunt
652 1115 709 1208 qui
728 1098 883 1208 puluere³
905 1136 1039 1206 quoquc
1061 1136 1143 1180 uvas
1164 1110 1207 1181 ali
1223 1112 1283 1206 ju·

220 1217 350 1303 dicent,
367 1219 649 1315 pubescentesque
669 1218 858 1315 pulverent,
876 1231 911 1287 et
924 1219 1042 1287 vitium
1059 1218 1286 1312 arborumque

221 1324 386 1394 radicibus
402 1341 591 1420 aspergant.
613 1326 716 1416 Quod
739 1339 867 1395 certum
891 1338 942 1393 est
966 1322 1175 1393 Narbonensi
1204 1349 1287 1419 pro·

221 1431 354 1519 vinciae,
371 1446 405 1501 et
421 1431 605 1501 vindemias
615 1435 739 1504 certius
750 1433 796 1502 sic
812 1455 852 1500 eo
866 1431 979 1524 coqui,
996 1431 1073 1524 quia
1088 1428 1163 1525 plus
1176 1429 1289 1525 pulvis

220 1535 281 1622 ibi,
300 1561 400 1631 quarn
420 1535 490 1622 sol,
511 1538 652 1608 confert.

188 1671 199 1704 ι
273 1645 334 1712 VI.
351 1645 434 1712 Fimi
447 1641 559 1737 plures
571 1643 787 1714 differentiae:
803 1643 874 1738 ipsa
888 1667 941 1712 res
954 1642 1183 1736 antiquatam
1198 1641 1289 1736 apud

221 1747 420 1818 Homerum¹
443 1749 553 1843 regius
571 1775 671 1819 senex
691 1774 809 1844 agrum
829 1751 874 1817 ita
893 1749 960 1819 suis
986 1745 1157 1818 manibus'
1172 1746 1288 1818 -taetifi-

262 1976 308 2027 28.
324 1975 473 2045 Temperare.
486 1972 530 2027 Sic
544 1993 576 2027 ex
592 1973 670 2029 MSS.
679 1993 731 2029 ern.
776 1991 865 2027 merua
880 2005 916 2025 .·.
927 1973 1050 2026 laertem
1061 1971 1205 2027 lenientem
1217 1971 1289 2026 deei-

221 2052 306 2107 llard.
322 2072 396 2107 cous.
412 2053 470 2107 MS.
488 2053 538 2107 Gr.
554 2067 580 2108 et
597 2055 632 2107 al.
647 2067 733 2126 tempe·
775 2050 897 2120 derium,
909 2051 983 2124 quod
996 2052 1118 2124 capiebat
1130 2070 1146 2104 e
1158 2051 1231 2116 filio.
1242 2070 1289 2105 oo·

221 2145 291 2186 rata.
305 2132 358 2186 En.
774 2132 873 2186 lentem
882 2145 1018 2202 agrum‚et
1028 2150 1089 2186 eum
1098 2143 1288 2185 stercorantem

261 2213 296 2264 V.
311 2232 337 2266 ι.
349 2212 443 2264 Ciceris
456 2233 521 2267 usus.
534 2216 575 2267 De
590 2233 644 2285 quo
652 2214 730 2286 Vir-g.
774 2212 845 2266 facit.
863 2238 875 2259 ·
893 2209 1004 2265 Homeri
1022 2230 1111 2265 veram
1129 2224 1170 2264 eat
1187 2213 1289 2281 ejusce·

221 2292 359 2362 Georg.1‚
377 2293 432 2345 ilo:
449 2319 460 2339 ι
478 2293 518 2347 Ne
536 2306 653 2346 mturare
666 2293 731 2346 limo
774 2290 865 2355 modi,
882 2289 979 2364 Odysa.
996 2294 1040 2355 Ω,
1056 2310 1083 2344 v.
1101 2290 1157 2346 225
1173 2283 1242 2343 :Tic
1261 2286 1289 2342 δ’

221 2371 314 2442 pingui
334 2367 433 2442 pudeat
453 2371 524 2438 sola;
546 2390 614 2424 neve
629 2373 731 2426 Elletos
776 2366 823 2424 οἷον
837 2373 927 2442 πατέρ’
939 2364 1004 2442 alpes
1019 2373 1149 2442 iterrplvp
1159 2372 1184 2422 le
1203 2370 1289 2441 ritui,

221 2451 339 2503 cinerem
363 2449 532 2503 immundum
554 2453 655 2521 jactare
682 2470 732 2523 per
777 2451 929 2522 Διςριύοντα
939 2451 1021 2519 puris.
1031 2450 1087 2502 Ubi
1096 2446 1290 2520 illodtsrpsitm·

221 2548 307 2601 agros·
330 2556 342 2577 ι
363 2530 431 2594 Quat
453 2548 535 2600 porro
557 2529 698 2584 traduntur
716 2551 732 2584 a
776 2551 810 2584 re
830 2541 998 2583 stercorantem
1021 2529 1116 2583 Cicero
1138 2540 1168 2583 et
1187 2528 1291 2583 Plinius

222 2609 729 2682 Virgilioagricolationispraeceptteea
776 2606 960 2663 reddiderunt.
976 2609 1068 2661 Haeo.
1229 2664 1232 2669 ,

219 2702 281 2742 sunt
295 2706 327 2741 ex
343 2688 426 2741 ltaliae
442 2688 661 2759 circumpadana
675 2691 730 2744 ritu
815 2709 841 2743 a.
856 2690 912 2742 Suis
927 2688 1037 2741 manibus
1053 2687 1180 2758 latidum
1193 2692 1286 2759 reperi·

219 2768 317 2837 petita,
340 2779 372 2820 ut
394 2768 496 2821 Plinius
521 2767 657 2823 adnotavit
680 2770 728 2823 lib.
772 2783 820 2822 tur.
841 2769 950 2822 Homer.
971 2767 1067 2837 Odyss.
1087 2772 1136 2820 ss:
1159 2769 1288 2835 ἰῡκτιμένῃ

219 2849 330 2913 xvltt,
341 2865 401 2920 cap.
416 2847 462 2901 ³0.
475 2847 565 2900 Reno.
774 2850 798 2901 lv
813 2851 879 2916 ἀλωῇ
899 2850 1042 2919 tre-pedeure
1053 2848 1136 2917 φυτόν.
1147 2847 1180 2900 lo
1194 2864 1289 2918 poma·

262 2946 287 2980 a.
305 2927 340 2980 Ut
355 2929 467 2980 dicimus.
482 2928 550 2998 Cap.
567 2926 600 2987 3,
615 2927 657 2980 bie
669 2946 729 2980 ver·
773 2928 815 2981 rio
829 2929 898 2981 bene
909 2939 1013 2982 structo
1023 2924 1286 2991 circumfodiam,

219 3008 279 3061 bis:
296 3033 308 3055 ι
324 3006 434 3078 Quippe
447 3026 502 3060 uon
520 3004 614 3060 eadem
627 3007 730 3060 arbori·
773 3005 933 3073 radentem,
967 3006 1132 3077 irrigantem
1163 3007 1288 3067 arborem

220 3088 268 3139 bus
286 3088 412 3140 convenit
427 3099 454 3140 et
471 3085 592 3158 frugibus
609 3086 730 3156 plerum·
774 3082 834 3149 (tot
841 3088 913 3140 enim
922 3088 1036 3156 λιςριὺιιν
1050 3085 1179 3158 siguificat
1192 3105 1200 3139 :
1213 3083 1288 3143 uude

220 3183 282 3236 que.
297 3193 309 3214 ι
324 3167 416 3220 Haeo.
772 3167 852 3238 tiepor
867 3166 996 3220 rusticum
1008 3165 1216 3220 instrumentum
1233 3183 1288 3241 quo

262 3245 289 3297 3.
305 3244 369 3296 Sunt
380 3247 533 3316 quiprdrere.
547 3245 622 3299 Hanc
634 3246 729 3316 polve-
773 3244 802 3299 id
818 3234 981 3318 peragitur).
991 3245 1085 3299 Cioero
1101 3246 1131 3298 io
1144 3245 1246 3299 Catone
1261 3256 1290 3298 et

219 3324 256 3377 ris
267 3324 466 3388 excitationem,
487 3344 546 3397 quae
557 3326 671 3379 fossione
682 3325 729 3390 lit,
773 3326 841 3379 Plio.
849 3326 902 3379 boc
912 3325 973 3378 loco
983 3337 1028 3377 aut
1035 3325 1174 3388 obliviose,
1184 3336 1230 3378 aut
1239 3342 1287 3377 ue·

220 3421 304 3472 quum
328 3403 478 3474 pubescunt
500 3423 575 3470 uvae,
598 3405 649 3459 boc
674 3419 728 3469 eet,
772 3406 902 3477 gligenter
920 3407 1051 3476 λιςρεύιιν,
1069 3405 1206 3474 areptus,
1220 3416 1289 3456 ater·

220 3500 302 3552 quum
322 3481 471 3551 nigrescere
484 3485 628 3554 incipiunt,
640 3484 730 3539 laudat
772 3504 864 3538 corare
888 3497 916 3537 et
939 3485 1072 3538 letificare
1097 3495 1288 3554 exposuerunt.

219 3564 298 3614 etiam
308 3561 447 3632 Theophr.
455 3562 489 3615 de
503 3566 593 3617 Causa.
605 3566 663 3629 111,
677 3585 729 3630 aa,
773 3566 814 3618 De
827 3564 922 3633 Ulysee
938 3563 966 3616 id
979 3562 1092 3628 dicitur,
1113 3563 1161 3635 qui
1183 3575 1289 3635 patrem

220 3660 247 3707 p.
261 3641 315 3694 2⁸5
328 3642 394 3695 :Tin
411 3639 440 3695 di
454 3644 591 3696 ὑποκόνισιν
668 3645 728 3696 ὅταν
773 3645 811 3698 sic
829 3657 988 3714 occupatum
1004 3641 1189 3713 deprehendit.
1204 3641 1289 3695 AElia-

219 3722 341 3791 ἄρχωνται
352 3722 622 3793 πιρκαίζιινοίβότρυις,
632 3735 682 3775 etc.
693 3724 728 3776 ll.
772 3743 838 3788 nus,
852 3723 919 3775 Hier.
933 3723 981 3775 lib.
1000 3724 1071 3786 VII,
1087 3741 1146 3794 cap.
1165 3726 1200 3786 5,
1214 3734 1288 3775 recte

258 3801 391 3869 v1.1.Ap.
400 3802 539 3865 Homerum,
550 3815 599 3854 etc.
614 3803 726 3855 laertes.
772 3802 947 3874 significatum
969 3804 1026 3871 ejus
1047 3802 1122 3854 verbi
1145 3799 1287 3854 reddidit:

219 3881 276 3933 Cic.
292 3877 327 3932 de
340 3879 443 3932 Senect.
460 3899 517 3950 cap.
537 3882 572 3943 54
592 3899 598 3932 :
620 3908 631 3928 ι
653 3880 726 3945 Quid
773 3885 822 3934 Καὶ
833 3885 941 3951 Λαέρτης
955 3884 1092 3951 αὑτουργῶν
1107 3882 1155 3933 ὑπὸ
1167 3887 1211 3934 τοῦ
1224 3901 1288 3933 παι-

219 3957 252 4009 dc
263 3959 373 4013 utilitate
384 3960 477 4030 loquar
486 3959 726 4014 stercorandii'llu·
770 3958 812 4022 dit
830 3962 987 4032 recuperet,
1007 3961 1049 4015 καὶ
1065 3963 1136 4031 pusii
1150 3961 1226 4024 ξύων,
1245 3960 1289 4013 zai
