2670 4808
486 370 646 440 mone
672 372 799 441 xv11.
1129 395 1177 470 ²7

118 504 247 574 nomme
265 499 493 597 eglecopalam
512 501 680 599 appellant
697 505 722 532 '¹
740 528 748 572 ι
769 502 873 599 glebis
888 493 1083 575 excitatur¹³
1098 503 1182 602 lupi·

118 610 191 678 dum
210 607 337 679 modo:
356 606 426 677 sole
442 622 477 678 et
494 608 660 704 gelatione
681 611 728 682 ita
746 609 904 698 solvitur,
921 625 961 679 ut
977 612 1183 681 tenuissimas

116 715 264 786 bmcteas
288 713 396 784 faciat.
419 715 499 784 Huc
523 741 565 784 ex
589 738 684 812 equo
708 715 869 787 ferulis
835 706 860 751 4
894 722 1062 788 menecea
1083 730 1181 787 utun·

116 836 178 908 tur,
195 846 226 893 si
217 820 309 890 alia
323 844 392 890 non
404 822 470 890 sit:
491 823 526 890 in
543 820 713 953 uliginosis
731 846 832 910 vero,
844 838 917 892 etsi
910 821 1000 892 alia
1014 825 1064 892 sit·
1076 824 1183 894 Ubios

116 929 264 1023 gentium
284 925 373 997 solos
391 915 574 997 novimus²⁵
578 982 587 1014 ‚
606 954 663 1024 qui
656 877 915 1000 fertilissimum
934 952 1051 1023 agrum
1068 928 1183 999 colen·

116 1048 183 1119 trs,
202 1058 416 1130 quacumque
429 1032 535 1104 terra²
536 1019 655 1104 ⁶inlru
675 1050 742 1106 tres
762 1036 862 1131 pedes
873 1035 1011 1119 effossa,
1025 1049 1059 1105 et
1074 1034 1183 1130 pedali

115 1140 360 1210 crassitudine
350 1140 471 1234 injecta
491 1138 668 1211 laetificent.
674 1133 752 1212 Sed
767 1164 807 1212 ea
823 1167 892 1211 non
910 1141 1033 1212 diutim
1047 1143 1142 1210 annis
1157 1165 1180 1212 x

118 1246 262 1340 prodest
277 1246 388 1316 Hedui
407 1260 442 1315 et
459 1247 611 1316 Pictones
628 1247 719 1317 calce
735 1248 922 1317 uberrimos
941 1247 1049 1317 fecere
1069 1270 1183 1341 agros:
1216 1320 1219 1333 ,

116 1376 186 1446 quie
206 1370 287 1422 sane
310 1365 346 1422 et
366 1353 468 1436 oleis,
483 1367 518 1422 et
531 1353 653 1423 vitibus
675 1351 847 1423 utilissimo
868 1355 1043 1448 reperitur.
1066 1354 1220 1424 Omniss

90 1470 225 1528 'autem
255 1480 372 1554 marga
393 1472 487 1528 arato
508 1459 684 1552 injicienda
693 1457 718 1500 ²⁷
745 1474 813 1547 est,
839 1474 877 1528 ut
907 1459 1184 1529 medicamentum

116 1566 287 1660 rapiatur:
309 1579 343 1634 et
356 1564 426 1633 fimi
440 1564 605 1635 desiderat
617 1565 875 1662 aliquantulum,
893 1590 968 1661 quae
988 1566 1095 1661 primo
1111 1563 1187 1660 plus
1272 1566 1276 1574 “

116 1693 243 1767 aspero,
254 1682 374 1766 etqua
391 1671 426 1738 in
447 1671 567 1741 herbas
585 1697 654 1742 non
673 1672 874 1743 effunditur:
891 1671 1014 1767 alioqui
1022 1671 1187 1755 novitate,

117 1800 331 1872 quaeeumque
345 1777 455 1857 fuerit,
472 1777 580 1847 solum
592 1777 704 1861 laedet,
721 1804 763 1849 ne
777 1782 823 1850 sic
837 1778 971 1874 quidem
985 1780 1096 1873 primo
1112 1791 1187 1872 post

117 1907 202 1952 anno
224 1882 350 1953 fertilis.
372 1887 518 1953 Interest
535 1899 569 1953 et
585 1885 674 1980 quali
693 1885 765 1985 solo
784 1901 961 1981 quaeratur.
983 1885 1078 1954 Sicca
1098 1885 1186 1954 enim

117 2085 201 2154 capo
215 2100 225 2136 ι
240 2106 252 2129 ι
267 2079 362 2134 Solum
373 2094 510 2135 terrenum
570 2081 627 2135 vel-
673 2103 703 2138 ne
718 2085 779 2156 gelu
793 2086 940 2138 solvuntur.
959 2084 1050 2136 Iliun.
1067 2112 1110 2125 -
1126 2083 1186 2136 Gle-

116 2174 144 2215 nt
156 2161 300 2232 Signinum
320 2177 402 2231 opus,
417 2160 546 2232 paviculis
562 2180 628 2215 con·
672 2162 1086 2228 bir,etc.1ndecolumbinailla
1097 2180 1187 2234 merga

117 2239 250 2301 densetur.
266 2240 283 2288 ι’
293 2240 385 2292 Eun.
673 2243 774 2297 dicitur
790 2262 898 2316 quoque
918 2243 944 2294 lc
964 2262 1046 2294 marne
1057 2245 1185 2313 pierrerue.

154 2339 202 2374 υ.
223 2320 398 2390 apocopatus·
420 2320 537 2391 appellat·
559 2320 628 2385 Qui·
674 2324 760 2377 Bnoa.
803 2339 805 2341 ·
898 2334 905 2359 ⁸

115 2398 176 2453 dnm
203 2400 297 2472 legunt
321 2399 497 2470 Aiglipetr'am,
520 2397 550 2452 id
576 2413 627 2465 est,
714 2410 758 2466 πά.
775 2403 838 2456 Hoec
853 2422 884 2454 ec
899 2402 1078 2474 oequosertilis.
1093 2401 1186 2454 Pebnli

116 2479 282 2551 splendidum
304 2490 330 2532 et
347 2476 458 2532 lividum
473 2497 481 2531 ι
499 2480 626 2549 elusisse,
672 2484 801 2536 nimirum
814 2500 845 2534 ec
860 2483 976 2552 frugum.
992 2481 1086 2535 Ηιιιιι.

115 2557 248 2623 lucidum
253 2560 335 2618 πὼὸς
311 2557 472 2624 ‚l.ividus
493 2559 627 2612 Ceterum
716 2563 761 2617 25.
784 2563 859 2616 Ubios
872 2565 980 2631 gentium
993 2561 1056 2613 solos
1070 2564 1185 2614 morimur.

116 2656 145 2692 ee
160 2657 218 2691 vox
237 2656 323 2708 graeca
350 2637 438 2708 potius
451 2637 532 2691 fuerit
545 2656 629 2708 quam
673 2642 740 2694 Ubii
755 2642 914 2696 Gemanica
927 2659 991 2712 gens
1011 2654 1081 2700 erat,
1098 2640 1186 2694 sedin

116 2718 216 2812 gallicu
242 2718 275 2769 Ῑιι
288 2728 392 2770 ussusto
407 2715 516 2788 legitur,
529 2738 572 2770 suo
585 2737 629 2769 ιιο-
673 2722 841 2774 Gallicam'
819 2738 934 2791 ripama
950 2721 1076 2773 Romanis
1096 2719 1188 2774 undu·

116 2802 297 2867 mimegroeeo
320 2788 412 2866 (lego,
437 2798 481 2849 sed
495 2793 630 2867 etgraeco)
674 2815 716 2855 eta
720 2820 789 2872 ,quo
805 2802 865 2854 loeo
876 2819 949 2852 nunc
963 2812 1002 2853 est
1017 2800 1188 2853 celeberrima

117 2877 203 2929 Pelion
216 2876 341 2948 appellnt.
354 2877 456 2929 Dure.
467 2910 508 2920 -
520 2877 627 2946 Egleco·
678 2880 882 2953 Agrippinensis
893 2880 1009 2933 colonia.
1018 2879 1127 2932 Genu.

113 2958 206 3026 palam.
219 2957 260 3009 Ita
277 2955 353 3008 MSS.
374 2975 476 3009 omnes.
496 2957 627 3010 Celticum
715 2968 757 3014 ιδ.
786 2963 941 3033 Quacumque
963 2972 1028 3010 terre
1053 2960 1120 3024 r'usre
1141 2968 1187 3008 eres

114 3054 214 3089 nomen
228 3054 285 3089 esse
298 3035 402 3088 Plinius
419 3047 509 3107 aperte
522 3048 628 3102 monet3
669 3041 742 3111 pedes
761 3042 867 3106 effossa,
886 3053 911 3091 et
926 3039 1011 3109 pedali
1029 3036 1189 3089 crussitudine

116 3140 198 3195 quare
223 3120 348 3194 displicet
378 3122 513 3175 Hermolai
539 3122 629 3194 conje·
674 3122 762 3190 injecta
777 3116 1188 3190 loedfieent.Lretumegrum‚in·

117 3216 191 3258 etum
204 3202 316 3275 legentis
329 3202 630 3273 episcopellum-uerit
674 3201 747 3272 quit,
772 3202 935 3269 uberemque
958 3197 1078 3263 faciunt,
1104 3216 1185 3269 quum

116 3282 263 3344 sententia,
283 3281 382 3335 Gallias
406 3301 421 3334 a
444 3296 530 3352 greco
556 3300 630 3335 acce·
674 3292 773 3333 terram
793 3280 863 3331 infra
885 3290 938 3330 tres
962 3275 1043 3347 pedes
1064 3277 1185 3331 ellassam

117 3375 194 3432 ptum
207 3379 309 3415 nomen
327 3361 477 3433 corrupisse
492 3362 521 3413 in
542 3380 629 3415 suum.
672 3358 798 3411 steriliori
808 3359 866 3411 solo
880 3357 1005 3428 injiciunt
1014 3354 1102 3429 pedali
1115 3375 1185 3411 cras·

117 3441 212 3496 Grece
225 3441 297 3494 enim
311 3439 410 3502 ιιιλιιὰς
423 3439 548 3494 columba
562 3439 630 3494 dici·
673 3437 797 3492 situdiue.
811 3437 901 3490 Ηιιιιι.

118 3534 169 3586 tur,
193 3538 254 3593 quar
273 3519 358 3573 livido
378 3520 492 3574 colore:
509 3518 582 3573 unde
602 3534 629 3574 et
717 3536 762 3586 η.
788 3519 873 3570 Omnis
897 3528 974 3568 autem
1002 3535 1088 3586 marga
1115 3529 1186 3568 arato

118 3619 215 3654 nomen
224 3618 321 3672 merges
335 3600 503 3653 columbino.
517 3599 607 3652 lisso.
672 3596 801 3668 injiciendo
815 3610 868 3662 est,
891 3609 918 3649 ut
935 3596 1129 3649 medicamentum
1145 3616 1186 3647 ra·

157 3679 203 3733 ιδ.
221 3678 307 3733 Glebr's
318 3685 437 3732 excitatur
450 3680 527 3751 lapid.
539 3680 609 3731 modo
618 3700 628 3741 ,·
671 3683 765 3749 pictur,
779 3692 827 3732 etc.
847 3678 900 3733 Ubi
913 3679 967 3746 jam
983 3677 1068 3729 solum
1086 3689 1186 3728 eratum

117 3761 164 3811 sole
180 3772 207 3811 et
219 3760 361 3853 gelatione,
371 3771 422 3812 etc.
444 3760 556 3812 Eterra
573 3777 630 3811 ma·
676 3772 733 3810 cst·
754 3772 784 3811 nt
805 3771 875 3811 terra
896 3756 998 3809 lucilius
1013 3757 1068 3808 vim
1092 3773 1187 3824 murgae

119 3841 184 3908 jones
202 3843 262 3909 ejus
275 3854 371 3908 margo
385 3839 469 3891 moles
483 3857 530 3891 seu
544 3838 630 3910 glebas
675 3836 830 3891 medicatam
862 3850 888 3891 et
914 3837 1046 3890 salubrem
1075 3834 1187 3886 hauriat.

118 3918 301 3982 extrahuntur,
318 3931 349 3970 nt
362 3915 629 3989 lapideselapidici-
676 3917 707 3968 In
727 3917 803 3970 libris
822 3915 981 3989 quibusdam
998 3925 1094 3980 aratro,
1110 3914 1186 3967 male

120 3998 175 4051 nis:
188 3995 314 4052 eaedem
306 4000 564 4052 mtenuesbmctens
575 3998 630 4052 sole
680 3995 771 4049 Ηιιιι).
