2670 4808
435 358 597 427 moun
624 361 753 427 xvn
867 308 870 313 ¹
1077 360 1123 457 37

64 493 130 561 dam
148 477 251 561 limo⁷
265 489 307 558 ad
327 502 433 559 satum
454 507 671 587 praeparatas,
692 494 788 562 urina
807 492 1041 563 madefaciunt.
1063 495 1125 563 Alii

62 601 88 666 iu
104 597 204 692 qualo
220 595 386 692 pedibus
377 622 411 665 m
425 599 614 727 profluente
627 597 819 686 deculcant,
830 598 937 669 donec
953 585 1125 669 aule'ratur

60 706 148 773 cutis.
163 703 318 833 Alioquin
335 700 425 797 uligo
462 704 613 783 infestat,
630 729 693 774 nec
712 707 839 800 patitur
854 708 954 774 nasci.
971 709 1012 774 ln
1031 704 1158 777 sulcos

59 812 256 905 repastinato
261 794 389 904 ⁶palmi
402 808 620 880 altitudine
589 835 713 880 Vtcenae
726 811 796 880 fere
813 813 993 880 acervatim
1012 837 1125 882 mense

56 916 212 985 martio⁷.
230 915 352 985 eudem
373 930 408 984 et
428 918 614 1010 propagine
631 931 807 1002 seruntur;
833 903 1125 1013 ‘triumphalisque

56 1023 136 1091 talea
155 1037 298 1091 tantum.
321 1023 424 1114 Myrti
444 1021 586 1117 genera⁹
610 1024 735 1092 omnia
748 1025 783 1090 in
810 1024 994 1118 Campania
1014 1024 1125 1095 baccis

55 1143 227 1214 seruntur,
254 1130 370 1196 Romae
395 1129 577 1223 propagine
597 1129 786 1197 Tarentina.
814 1130 1028 1198 Democritus
1040 1128 1064 1153 ⁰
1092 1144 1125 1198 et

55 1234 115 1303 alio
130 1233 234 1303 modo
252 1233 317 1303 seri
331 1232 449 1320 docet,
463 1234 687 1354 grandissimis
705 1234 883 1304 baccarum
903 1236 983 1304 tusis
998 1232 1125 1322 leviter,

56 1366 94 1409 ne
120 1365 227 1436 grana
253 1339 469 1459 frangantur,
497 1365 601 1435 caque
628 1341 742 1409 intrita
768 1338 870 1408 rcstc¹
876 1338 1123 1437 ¹circumlini,

55 1462 152 1542 atque
170 1449 218 1515 ita
236 1446 320 1515 scri:
336 1446 497 1565 parietem
516 1445 619 1515 forc'²
639 1446 826 1528 densitatis,
848 1468 888 1513 ex
904 1469 971 1539 quo
985 1421 1124 1578 virgula

55 1553 263 1623 differantur
297 1552 351 1620 Sic
382 1566 417 1621 ct
447 1552 558 1647 spinas
580 1552 666 1648 sepis
687 1575 786 1622 causa
814 1565 949 1637 serunt,
970 1537 1124 1622 tomice¹³

95 1773 123 1829 4.
141 1765 232 1818 Postea
243 1764 341 1837 quidum
347 1763 418 1834 fimo.
429 1764 473 1818 Sic
484 1765 565 1836 peulo
653 1783 692 1817 so.
715 1765 876 1819 Democritus.
895 1765 930 1818 Et
951 1764 1124 1818 Florentium

56 1859 113 1916 post
132 1845 199 1898 limo
222 1843 312 1898 diluto
334 1845 462 1898 macerem
476 1863 565 1897 semen
609 1844 636 1897 in
652 1844 739 1915 Geop.
761 1846 815 1909 XI,
837 1863 895 1916 cap.
909 1843 943 1897 de
957 1844 1123 1898 Plantationc

56 1925 136 1994 jubet.
149 1926 184 1977 In
204 1921 363 1995 quibusdum
380 1923 472 1987 libris,
481 1924 567 1991 sumo,
609 1925 709 1991 myrtis
724 1925 755 1977 Ol
772 1920 801 1977 tt
814 1932 851 1994 τῷ
867 1927 993 1995 σπέρματι
1009 1928 1122 1994 npccpsi·

57 2005 132 2057 usalc.
147 2001 286 2056 Hnn.'-
292 2003 338 2056 Ad
352 2014 430 2055 sutum
438 2022 566 2073 proeparu·
610 2024 658 2064 ru<
666 2006 778 2074 ληφθέντι
787 2004 992 2074 περεστρίψεντες
1002 2002 1083 2074 σειρὰν
1095 2007 1122 2056 ix

59 2097 99 2135 us.
114 2084 178 2136 Vct.
202 2081 276 2153 apud
289 2083 378 2136 Delec.
391 2082 427 2135 ud
443 2082 581 2141 secundm,
610 2085 730 2152 βουτόμου
746 2085 917 2152 πεπλεγμένην
934 2083 966 2142 εἰς
978 2082 1066 2150 τάφρον
1078 2086 1122 2152 ip·

55 2175 164 2231 pmice.
183 2163 236 2216 En.
609 2159 746 2214 Θάλλουσεν.
767 2189 778 2209 ι
791 2162 859 2214 Sunt
869 2161 915 2233 qui
930 2161 1017 2214 baccis
1031 2179 1123 2217 recem

95 2243 122 2296 5.
134 2242 256 2314 Alioquin
271 2242 345 2312 uls'gm
358 2241 569 2312 Cuticulae,quu
610 2239 684 2292 lectis
707 2237 760 2303 (sic
785 2240 856 2293 enini
883 2237 1120 2311 interpretandum.

58 2321 146 2375 beoees
158 2321 252 2386 restit,
264 2321 364 2373 nimius
373 2321 472 2374 humor
481 2338 569 2372 erum·
609 2316 784 2383 Eu.),sestem
792 2339 807 2372 e
815 2321 923 2390 palustri
931 2318 1015 2372 herbe
1023 2332 1121 2373 tortum

58 2419 217 2471 μηκῦναι
223 2399 355 2453 inclusum
361 2418 415 2452 nou
423 2398 567 2471 petitumil.
610 2388 701 2469 (qnam
716 2399 857 2452 batumum
870 2397 980 2463 vocant)
990 2438 998 2465 ,
1010 2399 1123 2453 circum·

94 2484 121 2535 6.
133 2482 302 2551 Repotinuto.
314 2479 433 2532 Rclosso.
444 2477 537 2529 Hssn.
608 2477 734 2549 ligent:et
740 2478 778 2532 sic
788 2480 815 2532 in
825 2480 922 2531 fossam
928 2478 1077 2548 injiciunt.»
1087 2481 1121 2533 11.

94 2580 121 2628 7.
133 2560 219 2613 Mense
230 2563 326 2613 martio.
340 2557 475 2612 Palladius
490 2576 567 2610 mcu-
653 2578 697 2611 11.
709 2559 781 2610 Recte
791 2560 931 2611 circumlini.
944 2558 988 2611 Sic
1001 2577 1032 2611 ex
1044 2559 1120 2611 MSS.

57 2658 81 2691 se
94 2639 233 2693 februario
244 2639 297 2692 seri
310 2640 400 2710 jubet,
413 2639 431 2692 l.
443 2639 497 2699 111,
512 2637 567 2690 sive
609 2635 715 2690 emend.
738 2637 821 2690 Hard.
839 2657 912 2690 cous.
926 2637 1018 2691 chiffl.
1039 2653 1121 2691 restem

58 2720 121 2772 lebr.
136 2721 181 2772 tit.
194 2719 241 2772 ²3.
256 2717 347 2770 lisso.
609 2719 742 2770 circumlini
751 2716 871 2770 Gronov.
883 2730 909 2770 et
918 2719 951 2770 sl.
967 2719 1020 2770 En.

93 2801 120 2853 8.
128 2798 346 2868 Triunsplsuls‘squc.
355 2797 460 2850 Laurus
471 2796 567 2849 trium·
653 2816 698 2850 ss.
710 2796 898 2863 Parietemsorc.
912 2797 956 2850 sic
966 2798 1023 2849 lore
1032 2816 1121 2869 sepem

56 2879 158 2950 phalis,
174 2877 209 2931 de
220 2896 272 2949 qua
287 2895 348 2930 cum
362 2877 470 2948 reliquis
486 2894 567 2946 gene·
610 2888 721 2948 cmyrto
731 2876 926 2940 densissimum,
936 2875 1044 2946 parietis
1055 2878 1122 2940 sice,

56 2957 348 3028 ribus,lib.XV‚cap.
361 2956 491 3024 39,tslca
504 2967 568 3008 teu·
610 2974 693 3027 equa
711 2956 811 3008 surculi
832 2953 930 3007 deiude
943 2953 1009 3007 cudi
1030 2957 1122 3026 plures

57 3051 112 3091 tum
118 3039 177 3091 sive
187 3036 295 3090 surculo
305 3036 411 3100 seritur,
417 3035 464 3105 qui
472 3033 569 3088 modus
610 3034 726 3105 possint,
745 3036 792 3106 qui
807 3035 860 3087 slio
873 3035 1072 3087 transferantur.
1087 3035 1119 3088 Η.

57 3131 93 3170 est
105 3137 121 3170 e
134 3136 181 3170 sex
194 3115 354 3168 enumeratis
367 3116 483 3187 quintus.
505 3114 538 3167 Η.
641 3114 699 3166 “ε3.
719 3116 824 3167 Tomicc.
839 3114 898 3167 Hoc
913 3126 966 3178 cst,
975 3115 1122 3184 junceo,li·

94 3219 122 3265 9.
131 3197 212 3268 Myrti
219 3199 425 3264 generaomniuin
434 3195 568 3263 Campania
610 3211 681 3260 neo,
696 3194 834 3265 pulsncose
857 3193 996 3257 funiculo,
1025 3196 1122 3258 moris,

57 3278 135 3328 buccis
145 3289 266 3335 seruntur,
281 3275 365 3326 Romoe
374 3279 508 3345 propagine
517 3276 569 3326 Ta·
610 3292 672 3344 quaa
685 3273 746 3324 rubi
765 3273 807 3325 vel
829 3272 911 3343 spinas
925 3272 1030 3337 lerunt,
1048 3289 1122 3327 sunt·

58 3361 161 3408 mutina.
182 3356 334 3406 Democritus
344 3365 368 3405 ct
380 3355 430 3405 ulio
442 3355 512 3406 modo
521 3358 569 3407 scri
609 3372 663 3425 que
677 3371 749 3405 nunc
772 3350 879 3403 seminis
904 3351 976 3407 vioe.
990 3352 1122 3407 circumli-

57 3437 131 3487 aas.
146 3433 241 3489 Scribo
252 3432 355 3486 diversa
367 3432 535 3486 distinctione
543 3445 570 3486 et
610 3446 682 3504 gato.
697 3428 847 3495 Palladius,
859 3432 887 3482 in
902 3432 980 3483 Febr.
990 3433 1032 3486 tit.
1045 3441 1079 3497 si
1090 3434 1124 3487 dc

58 3516 172 3568 lectione
184 3531 192 3566 ι
203 3541 215 3561 ι
223 3512 307 3584 Hyrti
325 3530 423 3582 genera
435 3511 523 3564 omnia
540 3511 568 3564 in
612 3512 723 3564 Hortis:
739 3509 840 3563 «Circa
853 3509 913 3564 idus
924 3510 1068 3567 februarius
1083 3533 1123 3567 se·

59 3593 203 3666 Campania
220 3592 307 3644 baccis
326 3603 466 3655 seruntur,
479 3593 570 3644 Romae
612 3610 658 3662 pes
670 3592 810 3643 hortorum
825 3608 857 3642 ex
873 3603 998 3661 congesto
1011 3592 1039 3643 in
1056 3593 1125 3646 luni·

59 3671 385 3744 propaginc.Tsrentiuam
395 3670 571 3736 Democritus,
612 3670 663 3721 lsus
676 3671 814 3740 spinarum
828 3671 928 3723 semine
941 3670 1060 3724 l'scienda
1074 3686 1126 3738 est,

60 3768 108 3807 etc.
119 3779 129 3798 ι
142 3753 211 3804 Nem
221 3769 305 3820 genus
313 3769 369 3803 esse
380 3750 461 3819 myrti
472 3750 571 3801 Taren·
614 3750 680 3801 sicut
694 3749 798 3803 dictum
815 3762 868 3815 est,
890 3769 974 3820 quum
988 3750 1022 3802 dc
1038 3753 1125 3802 muni·

60 3834 139 3885 tinam
152 3848 234 3901 supra
248 3830 350 3882 Plinius
362 3827 467 3894 docuit,
476 3828 493 3880 l.
507 3829 570 3891 XV,
614 3828 1036 3898 mineloqueremurhortorum.·
1048 3831 1127 3881 Nem·

61 3931 116 3982 cap.
132 3930 179 3981 ²9·
192 3909 404 3978 Pin—Myra
414 3927 512 3976 gemm.
530 3910 570 3960 De
614 3926 661 3978 pe,
682 3910 728 3962 lib.
740 3910 768 3972 l,
783 3910 825 3963 tit.
840 3908 875 3971 34
898 3906 932 3959 de
951 3908 1017 3960 locis
1039 3909 1127 3973 borti,

61 3992 99 4043 isis
112 3991 228 4061 egimus,
241 3989 288 4042 lib.
307 3988 369 4050 XV,
382 4006 440 4058 cap.
455 3989 500 4057 37.
516 3988 550 4039 H.
616 3988 730 4059 pomarii
739 4001 764 4042 et
775 3988 897 4059 sepibus:
911 3988 982 4039 -lllii
991 3988 1128 4057 spinarum

963 4080 1000 4165 33
