2670 4808
447 384 752 462 meunxvn.
1115 412 1140 483 9

68 531 206 612 urgente
228 514 347 586 umbra
368 500 478 602 sua³¹,
496 541 558 586 nec
580 517 759 611 adjuvante
787 517 951 587 medicina
973 544 981 586 :
1004 521 1140 613 quando

70 626 189 694 vestire
205 638 336 693 teneras
354 624 479 693 intorto
504 637 687 693 stramento
707 625 741 693 in
765 622 972 694 silvestribus
991 650 1061 696 non
1078 634 1144 697 est.'
1173 625 1176 633 '

69 733 159 825 Ergo
167 713 509 824 tempestivae³²aquae
519 730 819 825 hibemisprimum
829 730 1005 818 imbribus,
1019 732 1139 803 deinde
1157 744 1175 793 6

68 838 344 932 germinationem
358 835 803 906 antecedentibus-Tertium
818 851 951 931 tempus
962 852 1023 925 est,
1034 863 1139 933 quum

67 944 212 1014 educant
229 965 352 1038 poma:
373 966 436 1012 nec
453 944 623 1037 protinus,
648 942 706 1013 sed
723 943 794 1036 jam
818 942 929 1012 valido
954 942 1036 1013 fetu.
1055 946 1141 1035 Quae

68 1051 198 1120 fructus
223 1074 302 1119 suos
325 1048 450 1117 diutius
476 1050 667 1132 continent,
692 1048 927 1144 longioresque·
952 1048 1142 1120 desiderant

68 1140 210 1242 cibos³³,
227 1155 282 1224 his
299 1168 334 1224 et
350 1155 502 1225 serotinae
515 1178 609 1249 aquae
627 1153 741 1240 utiles3
755 1168 793 1224 ut
802 1156 880 1241 viti,
893 1153 989 1239 oleae,
1002 1157 1140 1250 punicis.

69 1266 128 1333 Hae
138 1263 213 1354 jam
231 1260 351 1355 pluviae
371 1260 500 1356 generis
516 1261 675 1355 cujusque
693 1260 868 1330 arboribus
886 1261 1019 1332 diverso
1040 1262 1141 1332 modo

69 1367 310 1453 desiderantur,
324 1365 395 1440 aliis
408 1365 475 1436 alio
489 1381 640 1462 tempore
653 1366 904 1437 maturantibus.
926 1367 1142 1464 Quapropter
1159 1402 1176 1453 7

69 1474 195 1545 eisdem
212 1473 374 1543 imbribus
394 1471 503 1567 aliqua
523 1472 596 1542 laedi
614 1473 743 1561 videas,
759 1471 868 1567 aliqua
886 1473 1010 1566 juvari,
1043 1477 1143 1544 etiam
1159 1472 1163 1488 '

34 1616 37 1621 ·
71 1583 103 1649 in
115 1580 237 1649 eodem
255 1603 394 1673 genere,
413 1579 498 1648 sicut
515 1580 549 1647 in
564 1581 645 1674 piris
658 1607 668 1655 ε,
681 1579 746 1649 alio
761 1580 814 1649 die
832 1579 971 1649 hiberna
992 1594 1145 1674 quaerunt

72 1685 224 1782 pluvias,
246 1683 311 1754 alio
341 1708 421 1754 vero
450 1687 638 1781 praecocia,
668 1701 705 1756 ut
727 1688 850 1783 pariter
873 1684 1008 1780 quidem
1032 1687 1143 1754 omnia

73 1792 269 1863 desiderent
296 1790 483 1861 Hibernum
509 1806 642 1888 tempus
670 1806 823 1862 estante
852 1792 1145 1887 germinationem,

72 1924 144 1994 qure
159 1896 358 1994 Aquilonem
375 1899 497 1967 Austro
508 1897 673 1968 utiliorem
691 1884 818 1968 facit³⁴.
836 1899 936 1966 Ratio
948 1896 1065 1967 eadem
1079 1923 1147 1968 me·

73 2005 259 2075 ditemanea
277 2005 449 2075 maritimis
468 2004 603 2100 praefert
617 2031 625 2073 :
640 2019 719 2074 sunt
733 2005 820 2072 euim
841 2001 1036 2097 plerumque
1055 2004 1146 2098 frigi·

74 2195 172 2246 deretur
190 2201 308 2265 χιιμῦοις
327 2196 433 2262 guterri
457 2196 508 2255 τοῖς
529 2188 587 2245 cliv·
631 2191 770 2246 confestim
792 2193 897 2264 sequuti
922 2205 1004 2257 sunt,
1026 2192 1073 2246 sed
1099 2193 1145 2246 ubi

74 2268 333 2345 lpn<.'1'heopbr.l.
347 2293 370 2326 c.
382 2274 473 2327 lirun.
632 2272 734 2324 t‘ructus
749 2264 949 2324 ionveluerunt.
961 2268 1146 2325 tinctorium

115 2352 164 2406 31.
187 2352 278 2404 umbra
291 2372 346 2406 sue.
358 2355 505 2406 Remorum
522 2349 589 2405 den·
632 2351 722 2405 verbis
738 2351 915 2421 Tbeopbreet.
929 2349 964 2403 de
981 2351 1059 2405 Ceus.
1071 2352 1089 2405 l.
1103 2354 1147 2415 11,

75 2430 593 2503 siteteeolembaudadmittente:quum'
634 2449 694 2502 cap.
711 2432 745 2493 3,
758 2431 805 2483 ubi
818 2443 844 2483 et
860 2431 1024 2502 singulorum
1044 2450 1148 2486 musam

75 2526 100 2564 et
112 2513 246 2565 silvestres
267 2512 376 2566 arbores
389 2530 472 2565 nemo
492 2512 527 2564 sit
544 2511 591 2583 qui
635 2511 786 2582 investiget.
801 2511 892 2562 Hero.

76 2605 166 2656 curet,
191 2609 270 2644 nemo
296 2592 344 2663 qui
369 2591 412 2644 bie
432 2589 589 2656 medeatur,
677 2589 723 2644 33.
748 2591 896 2642 Desiderant
924 2591 997 2642 citos.
1035 2591 1147 2645 Imbres.

76 2688 156 2723 neno
177 2671 224 2741 qui
253 2683 419 2736 stramento,
443 2670 509 2723 dum
530 2682 592 2723 sunt
635 2671 812 2740 Theophrast.
831 2671 882 2722 loc.
898 2664 943 2721 cit.
959 2650 997 2723 ἦν
1014 2666 1075 2724 etot
1091 2691 1150 2742 ιιοο·

76 2748 166 2803 adbuc
190 2763 304 2815 tenerae,
326 2751 535 2812 circumvestiet,
560 2762 592 2803 ut
635 2751 678 2803 ποὶ
688 2749 907 2820 χρονιῶτιροι,ιιο“ι
916 2752 1026 2811 πλιίοιος
1036 2746 1149 2821 διόμενοι

77 2827 229 2883 defendet·
242 2829 350 2900 frigore.
371 2829 452 2894 Cato,
463 2848 521 2901 cap.
533 2848 568 2882 ιιι.
581 2848 589 2882 :
637 2834 722 2901 τροφῆς
736 2829 778 2881 καὶ
791 2830 887 2898 πέψιος
897 2831 1009 2892 ,τούτοις
1020 2833 1098 2901 ὡραῖα
1107 2830 1149 2882 eei

82 2908 259 2962 ¹Stramentis
274 2908 454 2974 circumdato,
471 2910 591 2979 alligato·
637 2909 669 2962 τὰ
680 2910 808 2979 ὁψιοίτιρο
822 2899 959 2977 (ὕδατα),
972 2912 1083 2980 κοθοὶπιρ
1102 2911 1151 2980 ἀμ-

78 3007 144 3059 que,
157 3006 192 3040 ne
206 2989 267 3058 gelu
281 3002 410 3042 noceat..
429 2984 591 3060 tleprdeturee
635 2991 785 3059 πίλῳ,ῥοᾴ,
797 2988 881 3056 ἐλαίᾳ,
893 2990 944 3046 τοῖς
959 2989 1049 3049 ἄλλοις.
1064 2987 1152 3052 «Qui-

78 3070 166 3136 φλοιοῖς
186 3066 227 3120 eal
246 3068 382 3138 καλάμοις,
398 3069 440 3122 καὶ
462 3070 592 3132 τοιούτοις,
636 3066 1153 3138 bueverosructusdiuturniores,plue·

79 3148 146 3208 ὅπως
166 3148 200 3217 μὴ
221 3147 342 3216 digeret,
362 3141 595 3219 μηδ’ὓποξηροίιη·
637 3166 689 3219 que
709 3148 830 3200 alimenti
848 3147 1033 3218 coctionisque
1046 3146 1151 3200 deside·

79 3246 140 3291 τοι,
163 3245 194 3278 ne
207 3228 336 3296 frigeant,
358 3229 401 3279 uel
423 3229 591 3289 subcrescunt,
636 3239 738 3287 rentes,
759 3227 802 3279 his
820 3226 933 3279 seriores
954 3227 1035 3278 etiem
1051 3227 1152 3282 imbres

79 3306 169 3378 inquit
187 3306 363 3377 Theophrast.
385 3306 455 3360 Hier.
475 3308 523 3360 lib.
543 3307 595 3375 IV,
639 3306 790 3378 tempestivi
801 3303 931 3358 accedunt
943 3305 1061 3373 turriti,
1071 3308 1151 3380 puni·

80 3405 139 3457 cap.
151 3385 297 3441 18.Hrnn.
639 3404 690 3445 cn,
708 3386 773 3438 oleae
787 3385 951 3456 ceterisque.
962 3412 973 3432 ι
991 3386 1082 3439 Hirro.

121 3465 168 3519 32.
184 3467 256 3535 Ergo
269 3469 418 3536 tempestiuoe.
429 3465 596 3536 Tempestivi
680 3465 726 3528 36.
747 3466 810 3533 Qun
827 3465 972 3536 Aquilonem
988 3466 1081 3518 Austro
1098 3469 1151 3520 util.

81 3545 205 3598 omnium
229 3545 343 3599 manme
366 3546 464 3599 imbres
488 3545 594 3597 hiberni
633 3546 707 3611 facit.
721 3542 850 3614 Expende
863 3544 942 3596 nnsit
958 3545 1046 3598 verior
1058 3547 1151 3612 lectio,

80 3637 208 3678 notantur
225 3643 232 3676 r
246 3623 346 3678 deinde
360 3626 408 3695 qui
423 3625 595 3695 germinatio·
642 3650 653 3671 ι
664 3642 744 3694 quem
754 3624 861 3695 Aquilo,
868 3641 949 3693 quam
958 3625 1053 3678 Auster
1062 3627 1152 3679 utilio·

81 3721 142 3756 nem
156 3703 330 3769 antecedunt,
346 3705 453 3757 tertium
473 3704 596 3757 obtinent
639 3722 696 3756 rem
709 3704 788 3756 lacit:
804 3730 815 3750 ·
830 3704 972 3774 quoniam,
987 3718 1017 3758 ut
1032 3706 1152 3776 superius

82 3783 246 3854 locum,qui
258 3795 402 3856 postquam
422 3785 531 3837 erbores
547 3783 595 3836 tle·
639 3779 772 3848 ostendit,
788 3784 876 3854 fruges
887 3802 995 3855 quoque
1005 3787 1084 3856 pejus
1097 3804 1153 3837 ma·

83 3861 245 3928 floruerunt,
268 3863 425 3917 eeeoeaerint
440 3881 447 3916 ε
463 3864 595 3935 pabulum
640 3863 915 3916 tureseuntAustriuis
923 3862 1027 3927 diebus,
1035 3877 1061 3916 et
1072 3866 1153 3935 paulo

83 3942 168 4006 enim,
182 3943 597 4013 consummationemquetrucrt·
639 3961 733 4014 supra,
746 3942 889 3995 «Hiemem
898 3943 1067 4013 Aquiloniam
1085 3952 1154 4008 esset

84 4020 134 4075 bus
142 4035 267 4094 praetere
280 4022 426 4094 incipiunt,
442 4041 526 4094 quum
538 4043 594 4077 non
639 4021 766 4076 omnibus
777 4022 838 4076 setis
851 4022 1056 4076 utilissimum.»
1073 4024 1150 4078 Pmr.
